3384 4578
618 193 729 297 aelii
760 191 959 306 liar-ione]
1343 223 1433 294 ror

197 384 412 498 conspirare
428 410 443 478 'a
466 384 507 466 8(
523 367 980 483 leont-raexiguasunius
991 373 1093 457 vires
1105 401 1346 504 nequaquam
1360 375 1441 460 suf·

198 499 316 584 ficere
341 519 383 578 ut
398 515 457 574 rot
485 483 610 570 causas
633 514 717 598 quae
732 485 880 593 singulae
905 483 988 568 sunt
1003 481 1071 594 ipfi
1089 486 1438 596 circiteraquales,

199 611 247 692 ad
276 607 418 690 auxilia
440 599 509 707 ipsa
537 595 741 706 praestanda
767 617 901 702 cogat,
927 595 1061 678 reficio
1095 597 1313 706 aegidium
1336 594 1442 677 omni

198 711 515 804 conarunaturali
529 705 656 790 verulas
671 733 809 816 eaquae
822 703 1003 811 ipsissunt
1017 707 1238 788 necessaria.
1293 711 1442 808 Qrem·

199 827 405 913 admodum
431 815 662 924 impollibile
676 815 732 899 est
760 815 1037 898 utuniuslibrae
1054 817 1442 920 pondusmillenaria·

202 967 286 1022 rum
309 936 456 1044 aliquot
483 924 782 1034 librarumaequi
810 922 960 1007 bilance
985 929 1325 1014 contranitentium
1348 955 1443 1037 pon-

200 1051 293 1132 deta
316 1039 591 1130 sursumtollat.
650 1037 858 1118 Certamen
885 1036 987 1118 enim
1013 1063 1131 1122 omne
1152 1038 1254 1120 inter
1266 1038 1443 1122 homines

202 1187 274 1268 per
296 1157 373 1238 vim
383 1149 487 1234 mere
509 1173 745 1257 corpoream
769 1142 974 1244 secundum
990 1145 1093 1256 leges
1108 1146 1236 1232 mortis
1250 1150 1444 1231 naturales

203 1263 379 1350 effecum
391 1261 493 1345 luunt
511 1253 701 1366 perpetui)
714 1255 885 1338 lortitur.
942 1255 1015 1338 Eas
1029 1278 1296 1340 autemomnea
1311 1261 1347 1340 in
1363 1262 1445 1341 lan·

202 1406 248 1479 ce
262 1374 372 1484 super-
394 1399 475 1454 uno
486 1391 630 1452 centro·
646 1391 712 1446 aut
738 1365 834 1446 binis
859 1363 1055 1448 oscillante
1068 1367 1239 1450 exhiberi
1251 1367 1360 1478 polla
1372 1369 1445 1450 do·

203 1505 367 1571 cuerunt
381 1477 583 1562 Clarillimi
597 1473 916 1576 viri,Wrcnnius‚
932 1479 971 1558 8<
987 1473 1198 1584 Hugenius.
1261 1479 1300 1557 N
1305 1506 1349 1559 ec
1359 1499 1444 1562 tan·

202 1600 232 1680 ti
254 1597 308 1680 est
335 1591 520 1678 momenti
545 1589 654 1672 unius
679 1585 791 1691 supra
814 1584 1056 1669 aliosomnea
1081 1583 1244 1684 solertia,
1274 1611 1340 1670 aut
1372 1589 1446 1672 do·

202 1711 313 1808 lus‚ut
336 1700 448 1814 poffit
459 1702 608 1784 lancem
623 1701 913 1778 innumerorum
925 1697 1025 1779 veria
1044 1693 1338 1796 necelliratibus,
1352 1699 1447 1781 viris

203 1817 339 1925 bus,&
361 1806 661 1898 conlrliisvcrsias
685 1832 886 1887 commune
897 1804 1041 1888 bonum
1053 1807 1266 1916 depretiant
1291 1813 1328 1888 in
1352 1813 1447 1891 alre·

109 1963 112 1968 ·
202 1955 282 2011 ram
306 1947 455 2038 partem
495 1919 667 2026 (privata
693 1911 830 1994 scilicet
854 1915 967 1996 unius
989 1915 1228 2021 commoda)
1252 1918 1457 2001 inclinares.

204 2029 499 2144 Qaaproptere
524 2023 920 2108 viriumhumanarum
935 2025 1105 2130 generali
1128 2047 1262 2106 natura
1287 2054 1448 2135 nonpo-

203 2148 278 2228 rest
308 2171 387 2225 non
408 2133 649 2220 manifestum
674 2129 779 2232 elle,
808 2159 870 2212 eas
896 2129 1036 2215 certius
1056 2132 1103 2214 ad
1129 2135 1316 2216 auxilium
1339 2136 1451 2217 nobis

204 2246 501 2342 serendumduci
516 2243 623 2359 poil'e
648 2271 716 2350 per
731 2241 1447 2355 communisbonistutlium,quamper

205 2370 300 2466 vim,
332 2389 374 2442 ac
397 2358 541 2457 dolum,
557 2351 621 2438 seu
638 2353 803 2436 ferinam
827 2359 1099 2463 rapacitatemr
1128 2353 1312 2464 adquam
1338 2356 1450 2437 Hob·

79 2473 83 2480 ⁴
206 2471 541 2558 biuseriambonir
565 2463 841 2548 recurrendum
869 2461 945 2544 css'e
956 2461 993 2547 in
1005 2461 1101 2544 statu
1128 2485 1288 2563 naturae,
1319 2469 1449 2576 ea'mq3

207 2587 342 2666 vitium
363 2609 438 2664 non
466 2575 541 2660 elle
553 2597 712 2683 propter
727 2575 785 2672 jus
806 2571 1029 2656 naturalese
1045 2571 1457 2674 conservandi,docuit·

207 2696 339 2806 aperte
360 2692 395 2772 in
407 2685 581 2796 Epistola
596 2683 852 2766 Dedicatoria
870 2681 976 2764 Libri
991 2681 1034 2766 dc
1047 2693 1148 2766 Cive.

260 2805 300 2902 §.
328 2804 418 2882 XV.
447 2796 598 2881 Nostrae
626 2822 748 2901 porro
763 2790 954 2876 sententiae
967 2792 1093 2876 lucem
1114 2791 1299 2878 foenerari
1312 2793 1447 2879 viden·

206 2937 273 2998 tur
316 2913 503 3024 principia
542 2901 793 3012 Phystologiae
830 2901 1058 2986 Mechauicae
1082 2907 1450 3015 generalia,quibus

208 3023 389 3108 Hobbius
416 3016 492 3126 ipse
514 3014 627 3096 unice
642 3011 795 3095 videtur
811 3013 1042 3110 consentire,
1069 3041 1155 3119 quae
1169 3013 1242 3096 hoc
1262 3044 1346 3098 cum
1370 3021 1451 3124 pri·

209 3140 279 3218 mis
303 3129 514 3232 inculcant,
543 3124 650 3206 velut
666 3121 822 3206 inomni
847 3120 1052 3229 hypothesi
1077 3115 1292 3206 uccellano
1318 3123 1451 3207 obser÷

210 3243 392 3340 vandum,
405 3264 556 3346 nempe,
569 3231 944 3340 Univcrficorporei
959 3254 1104 3314 morum
1117 3259 1185 3341 per
1199 3231 1465 3340 sangulasejus-

211 3341 636 3465 particulasdispersum
661 3342 892 3438 conservari,
915 3341 958 3422 ei
970 3367 1141 3424 motuum
1166 3344 1453 3426 omniuminter

213 3469 251 3552 se
275 3456 639 3549 communicatione,
663 3455 707 3535 aa
732 3449 912 3551 ceffione,
936 3453 1218 3535 acceleratione
1239 3479 1306 3534 aut
1330 3477 1453 3536 rctar·

215 3575 369 3657 datione
383 3595 500 3680 quam
516 3561 746 3670 singulorum
772 3589 982 3670 corporum
1004 3563 1327 3672 vires&imperua
1341 3593 1453 3648 occu·

214 3709 304 3767 raro
319 3679 468 3766 calculo
480 3677 695 3786 computati
709 3676 770 3754 scu
798 3673 937 3756 librati,
953 3670 1168 3782 postulant:
1199 3679 1249 3756 ita
1271 3699 1400 3758 tamen
1412 3698 1455 3756 ut

212 3821 310 3877 unus
336 3792 396 3872 ille
420 3787 539 3871 totius
569 3781 781 3891 systematis
811 3803 935 3862 motus
960 3787 1060 3864 circa
1080 3807 1251 3864 centrum
1282 3785 1469 3870 omnibus·

215 3928 419 3988 commune
434 3895 521 4008 (qui
554 3891 817 4002 *elangulorum
845 3919 1054 3999 corporum
1080 3895 1246 3976 motibus
1261 3897 1364 3978 simul
1388 3891 1453 3972 atl-

217 4015 303 4096 ditis
327 4011 433 4094 velut
456 4029 704 4116 aggregatum
733 3999 941 4107 conflatur)
969 4003 1170 4086 inviolatus
1192 4005 1336 4113 idemqr
1362 4003 1456 4081 sem·

218 4139 464 4236 permaneat,
484 4124 524 4202 8(
540 4108 1064 4302 partiomsuarumoomnium
1088 4108 1459 4226 imperandetermsr-

925 4246 951 4326 3
1376 4239 1475 4316 ner„
