3392 4572
256 229 355 334 394
729 181 1010 322 eonseuarias
1190 273 1193 278 .
1335 177 1345 190 ’

257 370 384 465 berint
398 364 447 451 ad
459 358 724 448 excutiendam
739 387 890 446 ornnem
905 355 1070 470 Legibus
1083 353 1276 444 Civilibus
1289 351 1507 450 obedienti·

261 513 324 573 arn
335 473 596 592 disponir,hoc
610 471 668 558 est
679 467 787 582 (ipso
802 467 1036 582 interprete)
1046 468 1093 550 ad
1109 468 1266 554 Crimen
1281 473 1518 582 laesaeMaJe·

261 593 382 682 statis.
415 575 1521 696 Parspriorhujusaffertionisficprobarur.Totumillud·

262 710 321 818 jus
344 700 513 786 omnium
527 695 718 778 adomnia
741 689 791 773 ab
805 691 890 799 ipso
902 687 1066 774 Hobbio
1079 685 1377 776 demonstrativc
1389 692 1521 778 deda·-

264 818 365 901 citur
379 812 400 894 ὲ
414 805 552 916 jurese
576 800 825 886 conservandi
849 801 889 882 8<
912 799 1146 884 defendendi
1169 801 1281 912 quod
1294 803 1395 886 recta
1415 803 1521 890 raud

264 920 477 1029 unicuique
497 912 635 998 tribuit
661 910 711 1017 (sr
732 911 926 994 credamus
941 911 1041 992 illius
1058 909 1252 1021 principiis
1273 937 1348 1022 cap.
1367 939 1399 994 1.
1416 914 1522 1024 seda

266 1059 308 1136 7,
325 1031 366 1131 8,
381 1053 421 1136 9,
441 1051 502 1110 10.
531 1025 593 1106 lib.
607 1022 652 1104 de
667 1033 749 1106 cio.
765 1017 942 1128 traditis.)
981 1017 1196 1130 Porroipse
1216 1019 1444 1107 etiamdixit
1460 1026 1525 1106 'us

298 1140 437 1226 uodvis
458 1137 535 1221 hoc
554 1133 700 1218 tantiam
714 1131 835 1214 modo
847 1124 1040 1212 transferri
1053 1128 1160 1238 posse
1174 1129 1401 1230 inaltcrum3
1430 1051 1520 1218 cdo

268 1175 379 1362 agnis
398 1248 548 1331 idoneis
600 1242 753 1349 uispiaru
767 1239 952 1338 declarat,
975 1241 1076 1321 veile
1100 1241 1139 1324 se
1166 1269 1244 1325 non
1265 1241 1429 1351 amplius
1454 1241 1530 1328 srbir

270 1363 417 1448 licitum
431 1355 518 1443 sore
530 1275 699 1437 resistcre
710 1350 818 1434 alteri
831 1351 907 1433 hoc
921 1349 1012 1456 juris
1023 1351 1202 1460 accipere
1221 1352 1386 1454 volenti,
1403 1377 1524 1460 prout

272 1473 309 1558 ei
332 1465 497 1552 refisiere
522 1465 612 1566 jure
636 1483 750 1545 antea
783 1482 952 1573 poterat,
980 1484 1054 1570 oap.
1085 1483 1123 1544 2.
1138 1460 1234 1568 sesi.
1263 1487 1304 1566 4.
1334 1465 1522 1547 neminem

273 1605 401 1666 aurem
428 1577 545 1684 pactis
563 1571 783 1678 hujusmodi
796 1570 960 1678 obligari
984 1569 1092 1680 posse
1105 1571 1216 1654 alteri
1243 1599 1320 1654 nou
1351 1571 1525 1658 refistete

267 1710 455 1916 Pstis
470 1679 1527 1902 {¹2¹sesosidis&strisszpttssspfii'tkti

295 1836 313 1886 e
351 1859 360 1880 .
437 1857 448 1880 .

277 1912 355 1995 vim
372 1904 617 2006 desendendi,
643 1822 818 2012 ilsddquc
830 1901 868 1982 in
883 1897 1096 1983 Civitatem
1111 1929 1191 1988 non
1209 1901 1416 1988 transferre
1441 1905 1528 1991 titur

98 2091 101 2099 .
277 2017 469 2105 consentit
496 2020 536 2098 in
559 2015 744 2095 unionem
772 2009 966 2118 illamqua
984 2005 1027 2092 fit
1053 2009 1218 2112 Civitas,
1243 2037 1318 2122 cap.
1337 2036 1374 2118 5.
1375 2011 1470 2122 sets.
1487 2040 1526 2118 7;

130 2143 133 2150 ’
279 2131 387 2238 Ergo
414 2121 626 2233 (inquam)
649 2121 788 2206 retinet
803 2118 918 2205 etiarn
941 2119 1001 2224 jus
1013 2119 1061 2202 ad
1074 2127 1223 2222 omnia,
1248 2126 1288 2204 8<
1304 2127 1352 2206 ad
1379 2126 1526 2210 bellum

135 2313 142 2324 .
278 2261 414 2323 contra
432 2227 694 2344 omnesipsdnr
722 2260 778 2314 ue
793 2231 1004 2313 Civitatem
1015 2231 1242 2340 gerendum,
1265 2230 1527 2320 simodoiilud

282 2351 306 2434 ὲ
325 2354 414 2461 jure
429 2345 471 2430 se
480 2259 731 2428 conservandi
744 2338 1057 2450 defendendique
1068 2336 1206 2426 deduci
1218 2341 1359 2452 potest,
1382 2345 1528 2458 adedqa

281 2463 323 2543 in
336 2459 471 2542 statum
486 2453 654 2536 Civilem
670 2479 748 2536 non
764 2449 891 2558 potest
907 2449 1074 2534 transtro.

337 2567 466 2650 Facile
487 2563 582 2648 esset
608 2562 671 2645 hic
698 2561 900 2646 ostendere
952 2559 1139 2644 uemlibet
1158 2561 1364 2647 secundum
1388 2562 1530 2674 princi·

283 2679 350 2788 pia
381 2674 531 2759 Hobbii
553 2672 633 2757 effe
647 2671 827 2779 judicem,
850 2699 899 2753 an
922 2589 1072 2754 divitas
1094 2669 1162 2782 ipsr
1183 2693 1350 2758 mortem
1373 2672 1530 2758 aliudve

285 2789 464 2868 damnum
492 2781 536 2866 fit
557 2783 709 2864 illatura
734 2809 869 2881 necne,
899 2779 1080 2891 adeoque
1104 2811 1154 2864 an
1171 2781 1530 2894 rebellio-adipson

284 2892 545 2980 defensionem
570 2887 612 2973 sit
635 2890 843 2974 necessaria
867 2919 1015 2988 necne3
1043 2888 1217 3002 illtidque
1236 2891 1440 2978 ostendere
1465 2925 1530 2980 ne·

286 3005 484 3090 cessarium
509 2999 774 3086 esse'mcdium
800 2999 849 3082 ad
882 3000 1069 3112 cujusque
1099 2999 1429 3088 conservationem
1463 3025 1529 3090 aut

285 3113 543 3200 desenfionem
565 3110 673 3222 quod
694 3109 787 3222 ipse,
815 3133 958 3220 utpote
968 3111 1104 3216 judex,
1131 3115 1208 3195 tale
1232 3112 1532 3224 cssepronunci·

288 3226 438 3321 averita
467 3220 585 3306 immo
610 3221 806 3308 &sesiam
827 3219 1255 3334 institutionemque
1277 3225 1535 3308 antenomnia

287 3335 337 3418 ad
347 3333 580 3444 singulorum
593 3332 922 3416 conservationem
935 3330 1141 3416 necessaria
1154 3333 1230 3416 csse
1240 3333 1433 3435 docuerat,
1447 3363 1534 3420 nou

288 3446 425 3552 postca
457 3440 564 3555 posse
594 3441 742 3524 sibimet
770 3438 1047 3544 contradicere,
1074 3449 1115 3529 &
1137 3441 1322 3530 affirmare
1346 3445 1535 3554 pauciora

284 3553 466 3639 sufficere.
509 3552 584 3635 Sed
601 3553 679 3635 haec
693 3551 823 3662 quivis
846 3550 987 3636 Leston
1007 3553 1220 3638 Hobbiauae
1249 3553 1424 3640 dosirinae
1439 3583 1534 3664 gna·

291 3695 354 3749 rus
379 3663 445 3774 ipsi
467 3659 640 3766 objiciat,
665 3689 736 3746 nec
748 3661 868 3745 video
879 3661 975 3772 quid
1000 3663 1178 3746 Hobbius
1199 3689 1376 3772 regerere
1400 3661 1530 3774 poffit.

292 3779 477 3880 Propero
510 3769 560 3853 ita
589 3801 639 3854 ue
664 3771 712 3854 ad
748 3771 946 3855 secundam
975 3769 1183 3858 assertionis
1221 3772 1355 3858 nostrae
1382 3795 1532 3887 partem

289 3911 405 3996 quam
420 3801 752 3990 agriussopinor)
766 3880 1071 3966 scretHobbius.

347 3996 385 4090 s.
399 3992 505 4072 xut.
530 3989 692 4092 Probari
707 3987 905 4102 possrthoc
919 3991 1533 4105 eodcmargumcntmquornodd

293 4101 544 4210 probavimus
563 4103 623 4210 jus
636 4099 765 4194 omnia
782 4099 850 4188 fibi
866 4099 972 4188 bello
984 4101 1211 4192 vendicandi
1234 4104 1434 4190 transferri
1454 4131 1532 4188 non
1688 4093 1690 4178 i

1398 4211 1534 4326 posses
1688 4193 1690 4260 ³
