3410 4574
56 332 59 338 ,
599 205 712 312 recte
750 205 950 317 Ratione.
1045 233 1053 250 “
1263 328 1264 332 ¹
1307 243 1402 350 ηιςς

155 396 390 467 crementum
417 376 641 480 celeritatis,
668 381 710 462 8<
732 373 897 510 impetus
914 371 1186 464 inde'fluentir.
1215 377 1400 470 Hincnir·

154 514 230 574 tem
257 493 383 598 major
407 488 584 573 manibus
610 489 745 574 nostris
765 517 821 574 vrs
840 488 1007 590 accedit,
1041 517 1127 602 quae
1150 489 1284 594 etiam,
1309 495 1400 608 qnia

150 603 275 687 ereda
302 599 427 712 figura
451 600 602 686 homini
631 599 698 686 soli
720 603 924 712 competit,
946 599 1056 685 nobis
1083 600 1139 684 est
1160 603 1278 715 plane
1305 631 1399 713 pro·

151 716 254 822 pria.
310 709 586 819 Adjiciendum
612 732 738 797 tamen
767 711 836 814 est,
847 712 1098 818 plurimorum
1113 739 1182 820 per
1202 733 1327 800 totum
1341 713 1400 801 fe·

150 849 193 904 re
217 849 363 932 corpus
375 823 544 904 nostrum
566 819 819 907 musculorum
834 823 913 908 vim
932 817 1119 908 elasticam
1142 829 1185 910 St
1214 823 1262 906 ad
1297 825 1398 926 cien-

148 933 224 1018 dot
247 929 602 1040 hujusmodimotus
617 930 867 1043 conspirare,
888 955 928 1017 et
949 933 997 1018 ad
1011 934 1183 1042 eosdem,
1197 933 1401 1050 postquami

97 1069 98 1072 ‘
150 1045 298 1154 incepti
329 1041 491 1153 fuerint,
510 1044 796 1152 accelerandos,
813 1047 888 1130 und
914 1069 1000 1128 curn
1014 1041 1193 1128 distantia
1221 1046 1399 1155 praediila

148 1153 172 1239 ὲ
199 1177 591 1239 centroconcurrere.
645 1155 742 1239 Sunt
763 1153 943 1266 equidem
967 1157 1045 1238 lraec
1069 1157 1257 1264 potentiae
1272 1159 1400 1258 maio·

148 1266 202 1348 ris
224 1264 471 1354 instrumenta
482 1263 586 1368 talia,
605 1289 691 1376 quae
713 1265 891 1352 converti
911 1266 1068 1376 possunt
1092 1267 1131 1348 in
1156 1266 1292 1368 caedes,
1306 1267 1399 1352 alia'·

147 1400 229 1486 que
259 1376 357 1458 mala
385 1373 470 1456 aliie
492 1371 707 1460 inserenda.
762 1375 1019 1460 Nihilominus
1041 1375 1283 1474 manifestum
1320 1375 1398 1460 effe

148 1511 295 1570 reorea
320 1481 445 1570 omnia
469 1507 555 1594 quae
579 1513 712 1570 omnes
725 1487 932 1595 generatim
958 1487 1134 1570 homines
1157 1486 1398 1599 potentiores

147 1595 306 1694 iaciunt,
332 1594 536 1678 servatoru
560 1596 643 1679 aliis
665 1597 888 1682 hominibus
898 1601 1079 1710 potent'rae
1092 1596 1397 1708 aequilibrio,srn·

146 1707 249 1815 gulia
269 1725 496 1814 argumenta
520 1704 781 1816 suppeditare,
795 1727 840 1792 ut
859 1709 952 1792 alios
984 1701 1237 1818 potentialia
1257 1709 1395 1814 juvare

146 1817 284 1929 potiirs
296 1819 418 1902 velint
430 1816 552 1928 quim
574 1815 727 1920 laedere,
740 1817 925 1927 adedque
942 1817 1255 1903 benevolentiam
1266 1839 1396 1904 mutu·
1526 1907 1531 1910 ,
1560 1875 1563 1885 s

146 1955 208 2011 am
221 1926 399 2036 suadere,
415 1951 730 2038 quamconamur
743 1925 934 2010 stabilire:
963 1927 1003 2010 id
1022 1928 1397 2040 autemhitpropor·

81 2077 83 2084 ·
145 2039 315 2127 tionibus
325 2037 513 2146 probatur
529 2035 730 2142 gradatim.

202 2151 245 2246 o.
263 2147 418 2228 XXlX.
452 2167 486 2229 1.
502 2145 679 2229 Potentia
692 2143 773 2228 aliis
787 2140 945 2230 laedendi
955 2171 1038 2258 quae
1053 2145 1137 2256 pari
1152 2144 1311 2234 aliorum
1325 2175 1397 2254 po·

144 2259 276 2342 tentii
302 2254 461 2342 laedendi
485 2253 577 2364 (per
599 2253 858 2340 defensionem
882 2271 948 2337 aut
970 2256 1197 2365 ultionem)
1218 2257 1393 2361 libratur,

143 2365 372 2478 neminiqui
379 2363 570 2448 fibicaute
582 2365 767 2478 prospicit
777 2387 1042 2474 argumentum
1057 2368 1199 2476 praebet
1210 2368 1394 2450 idoneum

143 2501 189 2560 nt
216 2479 311 2562 alios
340 2474 472 2589 potius
493 2472 631 2558 laedere
658 2499 835 2576 conetur,
857 2477 1018 2588 quanta
1047 2505 1150 2560 noxa
1172 2479 1396 2561 attentandi

147 2588 354 2672 abstinere.
410 2584 664 2671 Manifestum
691 2587 790 2671 enim
802 2585 1098 2698 estquiaparia
1111 2587 1293 2696 utrinque
1306 2587 1396 2698 sup·

173 2721 346 2783 onuntur
370 2697 628 2804 potentiarum
638 2711 847 2798 momenta,
863 2696 1191 2783 haetenusnullam
1202 2697 1295 2808 poni
1304 2725 1397 2781 cau·

141 2729 223 2890 iam
246 2837 315 2894 cur
337 2811 428 2892 lanx
449 2810 490 2891 in
515 2835 629 2918 unam
655 2805 787 2922 putide
799 2825 947 2919 partem
976 2808 1188 2910 inclinaret,
1212 2808 1333 2918 quam
1355 2813 1395 2894 in

145 2919 273 3002 aliam.
335 2917 466 2998 lmmd·
488 2921 509 3002 e
530 2921 681 3019 contri,
705 2918 831 3032 quien
855 2943 1050 3003 certamen
1068 2921 1395 3019 ineatur,cettunt

145 3030 202 3114 est
229 3047 440 3138 utrumque
451 3029 732 3112 decertantium
743 3025 908 3114 interfici
920 3029 1029 3140 polle
1051 3053 1118 3113 aut
1131 3029 1394 3132 mutilari,cer·

144 3163 235 3224 turn'
259 3141 377 3224 etiam
391 3139 518 3222 neutri
542 3149 564 3223 e
587 3141 749 3226 viatoria
773 3155 926 3224 tanturn
948 3137 1182 3250 accrescere,
1205 3163 1396 3252 quantum

147 3249 210 3334 ille
231 3251 457 3360 amittitqui
485 3251 677 3359 inpugna
702 3251 928 3340 occiditurt
956 3279 1028 3336 nec
1045 3273 1232 3361 quantum
1246 3253 1393 3361 illepe·

147 3361 272 3443 riculo
285 3364 457 3472 exponit·
482 3361 552 3471 qui
565 3359 656 3444 belli
672 3364 761 3445 aleae
788 3360 906 3445 vitam
928 3362 1031 3444 suam
1056 3357 1281 3470 committit,
1295 3367 1396 3448 utri·

147 3470 238 3661 usti?
262 3471 632 3554 interestcer‘ranren
645 3501 724 3556 non
736 3469 830 3555 iniri
872 3471 1087 3574 Periculum
1101 3473 1191 3555 vitae
1201 3497 1295 3556 meae
1307 3473 1395 3584 plus

148 3583 203 3664 mi
234 3579 244 3660 i
268 3581 436 3666 detrahit
451 3579 559 3682 boni,
585 3583 702 3692 quim
717 3582 810 3666 mihi
823 3583 1011 3668 accedere
1024 3583 1150 3692 potest
1161 3609 1210 3666 en
1222 3613 1274 3669 eo
1286 3581 1394 3693 qudd

131 3695 188 3777 ¹in
215 3694 299 3799 pari
324 3694 499 3801 periculo
519 3691 565 3776 srt
595 3693 711 3778 hostis
737 3695 813 3775 mei
836 3697 945 3783 vitat
974 3719 1046 3776 nec
1063 3692 1413 3805 illiusideoauge··

148 3825 212 3884 tur
235 3799 609 3914 securitasquoninm
634 3803 851 3891 incertaest
872 3832 972 3904 mea,
988 3798 1052 3886 sed
1075 3803 1199 3914 utriq3
1225 3804 1397 3892 hincali-

149 3911 242 4023 qnid
254 3913 411 3998 decedit
423 3917 531 4026 quod
546 3921 673 4000 neutri
685 3915 793 4001 cedit
806 3920 846 4000 in
860 3915 1174 4000 emolumentum.
1220 3915 1395 4002 lmmdfi

149 4021 256 4106 missi
267 4023 540 4135 aliquantisper
562 4032 654 4112 vitae
680 4055 726 4109 ac
750 4023 984 4110 valetudinis
998 4023 1302 4114 confideretione
1325 4025 1398 4106 bo·

150 4159 199 4220 na
222 4131 374 4220 tantitrn
402 4137 611 4247 speliemur
635 4157 811 4336 extemp,
836 4135 1064 4226 notiffimum
1087 4137 1143 4225 est
1164 4131 1396 4331 ”minima

824 4270 844 4330 α
1203 4273 1243 4328 vr
1289 4267 1399 4327 orum
