3384 4578
263 52 322 152 80
563 45 626 145 De
654 41 835 146 Natura
861 11 1078 169 Humana,
1119 54 1172 154 (a

223 231 227 238 ’
253 215 436 310 summum
450 221 608 326 bonum,
631 219 673 307 id
700 219 755 304 est
768 241 1031 330 aggregatum,
1046 245 1096 306 eii
1112 223 1289 310 omnibus
1308 225 1437 334 bonis,
1458 237 1498 319 δι

253 357 537 444 comparatum,
561 336 625 418 seu
650 333 753 416 aliud
777 331 925 414 Bonum
942 333 1017 416 alio
1046 333 1166 438 majus
1187 334 1265 420 esse
1286 361 1354 421 aut
1376 344 1499 425 inirius

256 445 489 554 investigare
511 440 655 552 potest,
680 449 721 526 &
744 441 818 523 alia
834 466 881 522 ex
896 443 980 524 aliia
992 441 1211 555 detrahere,
1235 449 1500 564 rationquue

256 563 298 642 8(
324 557 626 670 proportionem
647 555 743 636 inter
769 553 928 662 aequalia
952 558 994 636 &
1017 553 1214 676 inaequalia
1237 555 1419 646 aestimare
1436 591 1501 646 va·

255 666 336 750 let:
366 669 407 747 in
431 661 645 770 hujusmodi
670 685 799 745 autem
824 659 964 746 adibus
984 666 1038 746 ita
1060 663 1269 772 dirigendis
1285 690 1328 751 ut
1350 675 1503 776 optimo

256 773 323 858 fini
338 775 566 882 inserviant,
577 801 709 858 omnes
723 768 916 856 versantur
931 773 1053 880 Leges
1069 774 1288 862 Naturales.
1329 778 1402 886 (4)
1417 782 1503 862 Vim

257 885 345 970 huic
373 883 519 968 affinem
544 885 723 968 ordinem
745 885 809 964 vel
830 883 906 988 jam
933 883 1160 967 existentem
1176 885 1419 988 observandi,
1441 891 1505 974 iel

258 996 422 1082 cundem
455 993 712 1080 constituendi
742 993 783 1076 in
806 992 921 1075 rebus
948 991 1147 1095 faciendis,
1176 999 1217 1080 ὃ(
1251 1028 1299 1081 co
1329 999 1505 1082 noscendi

258 1104 392 1220 quanti
418 1104 600 1190 momenti
617 1102 660 1187 fit
685 1107 724 1187 in
741 1103 1020 1213 conjungendis
1047 1103 1187 1190 viribus
1212 1105 1260 1190 ad
1282 1027 1382 1191 idem
1411 1109 1507 1193 elle·

258 1223 374 1318 uum,
394 1215 597 1326 pracsertim
612 1213 660 1296 ad
686 1239 892 1298 commune
915 1213 1074 1315 bonum,
1102 1211 1160 1296 utl
1183 1217 1220 1298 in
1255 1217 1439 1304 Exercitu
1466 1225 1508 1304 &

259 1327 495 1436 lle-publica
516 1325 722 1409 constituta
743 1325 874 1407 videre
898 1321 964 1406 est.
1008 1325 1100 1406 Haec
1126 1353 1202 1434 ego
1226 1326 1314 1411 dum
1338 1331 1509 1436 penitiiis

260 1437 513 1543 contemplari
532 1438 648 1544 cupio
675 1433 792 1516 subiit
815 1433 1181 1544 animumcogitare,
1207 1436 1369 1522 Ordinis
1398 1463 1509 1523 natu·

259 1573 343 1632 tam
357 1549 510 1632 &vires
525 1539 794 1628 distinctissime
818 1543 985 1652 intelligi
998 1543 1158 1654 poss'c,si
1179 1545 1282 1630 illum
1296 1549 1511 1634 considera·

262 1685 345 1744 rem
370 1659 410 1739 in
433 1651 695 1764 simplicissima
709 1659 884 1754 materia,
909 1657 948 1736 in
973 1683 1057 1765 qua.
1076 1649 1251 1740 effectum
1274 1659 1357 1763 ejus
1372 1659 1511 1772 simpli·

262 1765 446 1852 cillimum
460 1765 756 1849 demonstratur.
793 1763 988 1874 Nusquam
1000 1790 1127 1849 autem
1141 1769 1234 1850 mihi
1248 1773 1417 1853 occurrit
1430 1773 1512 1854 Or·

262 1879 316 1964 do
336 1883 377 1962 iii
390 1878 551 1962 materia
565 1875 806 1987 simpliciore,
834 1904 905 1957 nec
918 1871 1096 1958 effeslum
1115 1875 1313 1985 simplicius
1338 1880 1429 1962 indie
1444 1881 1511 1964 de·

262 1987 526 2088 monstrabile,
537 1989 654 2098 quiin
665 1984 707 2066 sit
718 1985 986 2072 Geometticus
999 1986 1065 2070 ille
1076 1985 1181 2070 ordo
1192 1989 1375 2072 lineatum
1388 1991 1512 2074 rella-

264 2126 363 2196 rum,
380 2095 598 2204 motuiimq3
611 2123 699 2178 coiri
728 2095 927 2176 licatorum
944 2097 965 2177 ὲ
988 2095 1127 2202 quibus
1143 2098 1293 2178 Curvas
1307 2100 1390 2182 suas
1402 2103 1513 2186 Geo-

264 2209 438 2295 metricas
451 2207 627 2315 generati
642 2126 748 2312 polle
759 2201 1036 2288 demonstravit
1051 2203 1241 2286 Cartesius
1263 2211 1346 2292 Lib.
1363 2231 1400 2289 2.
1420 2223 1513 2294 Geo-

264 2328 421 2402 metriae.
462 2317 520 2400 Ibi
541 2338 668 2397 autem
693 2338 744 2393 eit
770 2313 982 2421 Analyticae
1015 2313 1212 2426 principiis
1235 2314 1310 2399 hoe
1335 2317 1510 2420 deduxit,

265 2429 457 2512 Naturam
475 2453 614 2533 nempe
635 2430 678 2508 dt
700 2423 964 2532 Proprietates
982 2421 1110 2507 Lineae
1134 2425 1158 2509 a
1174 2427 1415 2534 complicatis
1430 2458 1512 2540 1110:

264 2540 366 2622 tibus
379 2537 591 2644 descriptae,
613 2532 681 2618 sub
697 2557 912 2616 accuratum
933 2533 1118 2616 calculum
1131 2532 1194 2616 seu'
1215 2535 1513 2624 demonstratio·

266 2675 444 2730 nemnon
468 2645 622 2752 cadere,
645 2641 709 2725 nisi
722 2641 771 2724 ab
783 2673 863 2726 uno
884 2664 991 2726 motu
1017 2646 1176 2754 reliqui,
1202 2645 1267 2730 alii
1291 2645 1513 2736 aliiisubor·

184 2790 190 2822 i
266 2757 405 2850 dinan,
430 2775 624 2864 regantur.
667 2751 788 2854 Qiod
809 2775 941 2836 autem
954 2753 1018 2836 ille
1033 2753 1084 2836 de
1107 2755 1226 2838 Linea
1241 2753 1515 2869 simpliciffimo

266 2865 356 2949 sane
379 2887 553 2950 motuum
587 2860 906 2968 complicatorum
930 2859 1069 2980 effeslo
1091 2863 1339 2966 observavit,
1368 2873 1516 2977 pariter

264 3003 402 3060 verum
425 2975 482 3061 est
521 2976 571 3057 de
598 2967 739 3058 effeslis
772 2973 949 3058 omnibus
977 2977 1000 3059 ὲ
1024 2973 1190 3083 plurium
1212 2979 1406 3062 causarum
1423 3009 1518 3066 con·

264 3089 380 3174 cursu
405 3083 671 3198 pendentibus,
701 3083 851 3166 necesse
863 3083 994 3166 esseut
1009 3091 1108 3168 inter
1126 3085 1250 3171 causas
1272 3087 1352 3172 ilias
1366 3093 1448 3173 aliae
1465 3091 1517 3173 ab

268 3199 354 3284 aliis
368 3219 479 3281 cetto
494 3195 629 3282 ordine
655 3216 850 3302 regantur,
880 3195 1021 3278 omnes
1041 3224 1056 3292 3
1079 3193 1128 3278 ab
1144 3227 1218 3280 una
1241 3197 1385 3280 summa
1403 3222 1518 3310 pote·

267 3307 396 3405 state,
427 3306 538 3387 aliter
550 3304 648 3386 enim
661 3303 844 3386 incertum
858 3305 934 3385 erit
948 3225 1129 3414 quidnam
1146 3333 1195 3388 ex
1209 3337 1339 3390 earum
1354 3337 1520 3394 concur·

265 3419 309 3502 su
330 3420 500 3504 sutorum
528 3413 570 3498 sit
598 3407 801 3512 effectum,
828 3411 974 3523 adedqi
997 3410 1081 3498 finis
1097 3415 1160 3500 vel
1181 3419 1304 3502 nullus
1323 3421 1520 3504 communi

268 3549 399 3610 earum
414 3525 586 3630 omnium
603 3519 750 3608 auxilio
766 3547 971 3634 quaererur,
989 3527 1051 3607 vel
1067 3554 1136 3633 pet
1153 3527 1277 3610 media
1297 3559 1381 3639 quae
1399 3527 1520 3613 nesci-

266 3661 350 3718 inus
376 3663 425 3716 ari
440 3633 510 3718 sint
532 3634 672 3721 idonea
687 3661 818 3718 necne.
851 3633 975 3742 Hujus
988 3635 1132 3718 notitiae
1146 3639 1188 3718 vi
1204 3643 1244 3720 ὃ(
1273 3639 1520 3724 eCausarum

261 3741 599 3828 subordinatarum
616 3743 717 3828 serie
743 3741 905 3830 sensibus
928 3741 1130 3832 observata
1160 3747 1271 3830 Mens
1303 3749 1430 3834 nostra
1461 3747 1522 3830 di·

263 3849 498 3940 stinuiffimt
566 3855 698 3936 rimam
727 3853 997 3964 deprehendit,
1025 3851 1196 3973 quaeest
1234 3855 1346 3942 Deus
1370 3861 1522 3944 Redor

269 3963 433 4065 Mundi5
465 3969 506 4052 8<
529 3883 657 4051 lutura
682 3989 731 4049 eii
746 3967 787 4049 vi
803 3965 1014 4052 Causarum
1028 3987 1198 4051 omnium
1225 3969 1465 4056 rationalium
1481 3975 1523 4056 in

1342 4079 1526 4166 subordi-
