3392 4572
239 109 330 239 328
543 109 605 210 De
628 111 682 209 ia
713 133 808 237 qua
832 101 878 203 in
903 99 1014 236 lage
1036 71 1223 202 Natura

184 339 187 347 Δ
240 285 342 368 euim
355 275 815 384 estomneslegesbonas,
827 272 1141 357 immouomnia
1153 273 1334 383 sapientia
1348 299 1493 382 paren·

241 394 324 478 tum
361 390 524 488 monita,
558 415 603 468 ac
630 383 954 490 Philosophorum
975 383 1143 482 consilia,
1182 383 1494 468 eundemfinem

240 505 419 588 ultimum
442 497 658 606 respicere3
686 493 868 601 adeoque
892 515 1008 601 prout
1038 492 1157 600 magis
1178 496 1241 577 vel
1277 494 1402 578 minias
1427 525 1494 577 ne·

244 611 403 696 cessaria
422 605 564 690 suerint
580 605 628 688 ad
653 606 752 686 huuc
772 599 903 704 finem,
931 630 976 688 ac
1001 603 1122 711 magis
1149 605 1215 688 vel
1238 604 1494 690 minusmani·

245 720 379 808 festae
401 745 529 801 rerum
541 715 694 816 naturis,
720 735 879 796 eatenus
900 712 948 794 ad
974 713 1121 822 Legum
1143 715 1390 798 Naturalium
1419 717 1494 799 vim

72 825 80 836 ”
201 857 204 864 ’
246 831 449 927 accedere,
473 849 537 908 aut
561 825 611 906 ab
637 853 681 905 ea
701 824 897 906 recedere.
948 859 951 866 ¹

304 943 341 1038 p.
374 940 441 1020 lV.
473 931 694 1044 Deniquesr
725 937 813 1043 quis
824 933 1003 1040 ideulpet
1019 928 1127 1040 quhd
1149 955 1402 1043 aggregatum
1413 961 1497 1016 om-

249 1053 357 1133 nium
380 1046 622 1130 rationalium
637 1043 778 1126 habere
793 1046 830 1125 in
851 1041 1281 1153 sediversasNationes,
1293 1044 1496 1142 Civitates,

251 1158 499 1242 &Familias
522 1155 677 1262 jamjam
703 1153 892 1238 distins’ras
906 1149 1133 1262 supponam,
1158 1159 1199 1238 dt
1224 1179 1358 1237 earum
1377 1181 1498 1262 gene·
1615 1181 1617 1186 ·

253 1259 1499 1372 liue.Chaoconsusononexplicem.Respondeof(r)Confusum

253 1377 356 1462 adeh
372 1377 507 1460 statum
526 1375 679 1456 humani
694 1377 843 1482 generis
868 1401 948 1454 non
962 1371 1038 1453 effe
1062 1370 1271 1456 necessarid
1286 1373 1511 1486 supponem-1

180 1538 186 1548 ·
257 1489 350 1570 dum
364 1487 412 1567 ad
427 1484 688 1592 explicandam
715 1485 913 1564 civitatum
928 1485 969 1564 ὃ(
989 1478 1214 1564 familiarum
1227 1483 1407 1591 genesius
1435 1485 1506 1570 im·

256 1596 336 1694 mh,
360 1593 435 1678 sold
451 1595 600 1675 ratione
615 1593 757 1698 judice,
773 1590 1011 1700 probabilius
1034 1587 1111 1670 elle
1135 1591 1338 1676 humanum
1364 1621 1501 1706 genus,

254 1698 1505 1813 ,omnesqueadehcivitates,acsamiliaseruniusviricumsoemi·

259 1845 307 1897 na
329 1817 516 1922 conjugio
529 1807 726 1918 prodilffe,
743 1812 976 1918 omnemque
987 1807 1088 1892 adeh
1099 1809 1412 1896 authoritatem&
1438 1843 1506 1922 pa-

258 1917 1011 2028 -ternanaturaliffimaortumsumpfisses
1045 1913 1394 2004 abantemetiamfi
1423 1948 1507 2008 omi

262 2065 329 2118 nes
343 2035 515 2118 homines
527 2031 629 2114 nulld
641 2035 741 2112 inter
754 2029 790 2112 se
801 2030 1031 2138 cognatione
1042 2031 1165 2114 teneri
1183 2027 1511 2146 supponerentur,

257 2143 483 2228 methodum
498 2165 624 2223 tamen
638 2139 804 2222 nostram
815 2142 865 2222 ad
876 2140 1358 2245 Civitatum,&·minorum
1370 2146 1510 2238 civita·

263 2280 345 2338 tum
361 2250 511 2362 genefiu
521 2249 781 2362 explicandam
794 2247 976 2348 sufficeres
995 2256 1179 2359 quoniam
1192 2257 1421 2338 naturaliter
1437 2283 1515 2339 ma-

260 2363 442 2450 nifestum
456 2401 459 2406 ·
474 2361 529 2444 est
552 2359 812 2458 necessarium,
836 2358 1081 2471 primumque
1102 2362 1344 2452 mediumad
1361 2366 1512 2450 Bonum

261 2501 470 2559 commune
496 2473 572 2556 hoc
595 2471 671 2553 ell'e
696 2491 739 2552 ut
765 2496 899 2554 eorum
913 2493 1158 2580 aggregatum
1171 2471 1221 2576 (lt
1244 2475 1291 2556 ad
1302 2477 1514 2561 constituti·

268 2585 505 2670 onemunius
518 2582 685 2665 civitatis
699 2611 777 2664 non
795 2577 1056 2664 consentirent
1076 2611 1207 2666 omnes
1218 2585 1324 2692 quod
1338 2588 1513 2671 videmus

148 2736 151 2742 ·
262 2723 370 2778 nunc
397 2689 679 2794 nonexistere)
709 2690 920 2773 indiverso
944 2713 1108 2800 corpora
1138 2694 1295 2802 politica
1324 2693 1515 2782 dividere-

269 2829 335 2886 tur
355 2805 421 2884 uni
444 2803 539 2882 Deo
553 2797 825 2896 subordinatas
862 2823 985 2908 atque
1011 2805 1090 2884 hac
1105 2802 1141 2884 iu
1167 2804 1329 2889 minores
1353 2804 1515 2890 societa-

271 2938 343 3013 tes,
371 2941 415 2994 ac
439 2907 596 2992 familias
618 2906 942 3000 distribuereturs
969 2935 1013 2996 ut
1039 2917 1091 2995 ita
1107 2911 1258 3019 srngulis
1275 2917 1514 3002 tandembo·

275 3055 321 3105 na
343 3016 888 3132 quaedamproprimfiereutiu
913 3049 1117 3105 commuue
1137 3025 1190 3104 ab
1216 3024 1286 3109 illis
1311 3027 1517 3112 conseren-

274 3136 338 3234 da,
367 3138 476 3240 juxta
499 3155 691 3237 praecepta
713 3130 870 3238 posthac
902 3130 1114 3215 tradenda:
1146 3136 1296 3240 prorsus
1309 3136 1366 3220 uti
1390 3136 1415 3219 sr
1444 3137 1522 3218 sta·

276 3269 359 3326 tum
385 3243 564 3336 materiae,
588 3239 790 3350 mortisque
807 3241 1074 3346 particularum
1094 3244 1265 3353 >equibus
1284 3241 1351 3330 liat
1361 3247 1522 3352 animal3

278 3351 694 3460 consideremusinovo
714 3350 887 3432 nondum
912 3353 1109 3454 incohato,
1131 3354 1364 3439 manifestum
1388 3357 1447 3440 est
1471 3363 1523 3445 ad

278 3491 408 3544 earum
431 3463 600 3544 omniurn
622 3485 864 3543 communem
881 3463 1157 3565 perfossionem
1182 3467 1310 3550 facere
1337 3467 1414 3548 hoc
1437 3493 1524 3554 tan.

279 3571 375 3668 titur,
392 3595 433 3652 ut
459 3570 676 3675 cumprimis
699 3570 768 3650 illae
783 3571 820 3650 in
832 3569 1023 3656 distrndlas
1051 3575 1218 3657 animalis
1235 3603 1361 3687 partes
1377 3577 1523 3663 forma·

280 3706 426 3784 rentur,
449 3678 592 3788 quibus
619 3676 769 3786 fingul's
781 3675 840 3764 sua
864 3680 1125 3768 tribuerentur
1137 3691 1266 3770 munia
1291 3690 1337 3772 ad
1349 3717 1522 3774 commu·

282 3783 592 3888 nem'sanitatem
620 3790 872 3876 inservientia.
944 3793 1021 3876 Sed
1054 3819 1097 3874 ut
1121 3800 1266 3880 Medici
1304 3799 1522 3909 supponunt

284 3901 497 3984 animalium
511 3923 637 4008 partes
657 3899 857 4009 formatam·
883 3907 938 3986 ita
958 3903 1158 4015 Philosophi
1179 3915 1343 3994 litorales
1361 3913 1525 3997 societa-

274 4035 341 4092 tes
359 4009 597 4096 constitutae.
640 4009 906 4100 Nihilominus
919 4015 982 4100 illa
1000 4042 1084 4124 quae
1095 4015 1259 4102 diximus
1273 4019 1331 4104 de
1356 4024 1526 4130 Origine

1346 4135 1525 4220 Domiuii
