3400 4566
254 181 351 280 μω
466 137 556 243 ue
573 134 687 274 Lege
698 129 885 238 Natura
899 126 1069 266 ejtlsque
1082 123 1353 267 obligatione.
1391 155 1395 166 '

248 331 389 416 malum
411 321 515 408 lr'osti
543 315 746 403 manilestb
766 314 952 400 infliuum
975 341 1128 424 poeuam
1149 313 1225 400 dici
1252 319 1383 402 nollet.
1419 319 1491 408 ’θεὲ

279 445 380 524 uitur
407 433 506 518 euim
527 432 666 516 malum
688 428 824 522 rebelli
836 422 1020 510 inflictum
1034 424 1089 507 ob
1112 423 1256 510 crimen
1268 427 1495 540 laebblaje·
1617 479 1634 486 —·

137 583 141 592 ⁴
248 469 367 649 latis,
383 545 473 656 quia
497 529 529 626 is
555 546 631 647 jam
656 537 803 624 bostem
824 535 861 620 se
884 533 1062 620 Civitatis
1097 532 1281 638 declarat,
1308 565 1390 624 noa
1419 543 1495 627 elie

250 685 417 770 poenam.
458 653 579 736 Certe
593 648 813 762 poenanihil
834 643 935 733 aliud
956 643 1146 756 cuquam
1161 648 1299 731 malum
1312 651 1367 733 ob
1379 653 1495 736 trans·

250 765 478 880 greffionem
502 763 598 872 legis
619 757 826 846 inllibum:
855 755 985 869 &qui
1010 777 1126 868 negat
1144 758 1285 840 malum
1313 760 1495 847 infirunn

251 879 330 964 elie
353 880 519 988 paenam,
548 893 663 982 negat
685 869 778 952 illud
799 861 924 976 infligi
947 887 1109 978 propter
1130 869 1288 970 crimen,
1313 869 1378 953 seu
1405 875 1500 982 legit

250 981 611 1098 transgreffiouem3
642 975 1025 1076 &infinuathostem,
1048 977 1358 1088 adrtiqueetiam
1372 983 1498 1066 rebel·

252 1101 344 1202 lem,
366 1095 435 1210 qui
457 1095 534 1203 iam
551 1089 669 1175 hostis
691 1089 762 1192 cst,
792 1107 952 1196 propter
975 1089 1209 1172 ctimcnuuu
1222 1091 1322 1202 pati,
1336 1087 1401 1176 seu
1423 1095 1499 1176 Le·

252 1239 342 1322 gem
358 1229 424 1292 aut
448 1233 527 1290 non
549 1197 719 1299 violllse,
741 1223 809 1282 aut
830 1201 875 1284 ei
902 1199 1118 1286 violatione
1144 1225 1297 1310 poeuam
1318 1229 1397 1288 non
1418 1231 1500 1287 me·

252 1317 382 1405 tuille.
421 1315 472 1398 Et
488 1305 1044 1398 sanecumhostesonnesfint
1058 1311 1098 1392 in
1121 1306 1219 1392 statu
1234 1311 1499 1398 naturaellob·

253 1433 391 1528 biano,
412 1425 485 1510 suia
499 1421 698 1536 principiis
720 1420 975 1505 consentanei
1000 1419 1184 1530 loquitur,
1200 1417 1340 1505 li-dicat
1363 1424 1500 1510 nulliue

253 1539 424 1622 criminis
435 1533 608 1620 conscio·
622 1529 796 1614 ittosefse
808 1559 823 1629 3
834 1530 925 1641 quia
942 1532 1002 1628 ius
1018 1528 1163 1612 habent
1174 1529 1369 1640 quidlibet
1383 1561 1500 1643 agen·

250 1651 317 1733 di:
347 1641 529 1730 uebeltes
554 1659 744 1724 autemex
758 1639 843 1746 ejus
868 1639 1042 1724 doctrina
1061 1639 1148 1724 sunt
1169 1638 1310 1743 hostes,
1325 1643 1500 1756 idebque

252 1757 400 1842 nullum
420 1754 492 1837 illis
506 1753 650 1834 crimen
663 1748 931 1860 imputandum
952 1747 1020 1832 est.
1063 1746 1226 1834 Polsuut
1247 1772 1375 1836 tamen
1396 1755 1500 1836 arbi·

254 1869 377 1954 tratie
405 1861 553 1972 occidi,
574 1889 652 1945 non
667 1883 794 1944 aurern
821 1860 934 1967 poeui
958 1859 1087 1970 alique
1108 1864 1298 1963 coerceri,
1319 1861 1384 1945 nifi
1405 1866 1501 1951 velia

255 2005 344 2064 cum
358 1973 518 2062 Hobbio
531 1970 632 2082 priris
645 1969 1045 2058 diultcmuadtcere.
1075 1968 1499 2080 usqueadebnecella·

253 2089 314 2171 tib
331 2085 493 2169 rebelles
517 2083 539 2168 ὲ
566 2110 680 2191 poena
702 2087 744 2168 ὃ(
765 2094 876 2164 reatu
898 2075 1131 2188 flagitiorum
1158 2081 1310 2166 suorum
1334 2083 1501 2170 absolvit

253 2195 453 2302 Hobbiut‚
471 2194 537 2304 qui
558 2191 730 2278 hostibus
742 2189 955 2297 omnigenis
978 2190 1038 2294 jur
1059 2187 1185 2274 datad
1206 2193 1347 2295 omnia,
1369 2202 1502 2307 neget·

255 2334 333 2420 que
348 2307 454 2416 leges
476 2297 1070 2414 naturae(quarumtransgrellio
1092 2325 1165 2382 una
1186 2301 1241 2386 est
1254 2307 1402 2390 crimen
1414 2307 1499 2392 laesae

254 2413 499 2524 Maiestatis)
521 2411 570 2494 ad
586 2413 689 2496 alius
704 2435 888 2495 externos
900 2409 1086 2519 obligare.
1130 2410 1366 2524 Nullimque
1388 2419 1501 2500 telin·

256 2531 341 2640 quit
359 2551 513 2638 poenam
539 2549 611 2632 pro
640 2523 697 2605 rie
720 2521 855 2605 dilium
883 2521 1167 2631 perduellionu,
1192 2525 1262 2632 qui
1286 2525 1387 2608 mala
1414 2527 1503 2610 belli

256 2645 297 2721 in
319 2637 441 2748 quod,
466 2635 599 2716 violau
675 2631 798 2742 Leges
820 2653 974 2733 naturae,
1001 2629 1179 2742 quispiam
1205 2633 1245 2716 se
1267 2632 1503 2738 coniecerit,

255 2743 478 2855 poenaselse
492 2742 717 2852 negaverim
747 2749 788 2827 δι
811 2740 1141 2848 Anticipatiouem
1156 2741 1329 2828 hostilem
1345 2749 1503 2858 pervim

257 2865 300 2942 8<
325 2853 472 2949 dolum,
496 2877 579 2960 quae
606 2851 759 2933 initium
781 2849 847 2932 dat
871 2833 1086 2953 hujulinodi
1112 2851 1216 2938 bello
1233 2855 1431 2963 ,optimam
1453 2859 1503 2939 ad

225 3057 228 3063 ,
256 2961 495 3068 securitatem
514 2963 614 3044 viam
628 2959 705 3046 else
714 2961 970 3044 contenderit.
1012 2963 1098 3044 Not
1113 2963 1267 3047 interim
1281 2965 1396 3048 nobis
1412 2995 1503 3078 pro·

259 3073 363 3160 bille
376 3073 553 3156 videmur
566 3072 838 3169 innocentiam,
861 3068 991 3172 iidem,
1004 3070 1269 3182 gratitudinem
1281 3076 1426 3163 aclibus
1437 3105 1505 3161 err·
1591 3169 1594 3177 ,

259 3186 375 3268 ternis
406 3183 645 3294 conspicuas,
670 3185 711 3267 8<
730 3181 871 3262 auxilia
890 3183 981 3292 'quae
1005 3183 1095 3263 hinc
1120 3189 1335 3292 comparari
1361 3185 1509 3298 polline

258 3297 444 3401 majorem
467 3315 576 3376 extra
591 3293 727 3375 statum
737 3289 907 3373 »Civilem
922 3288 1156 3374 securitatem
1169 3296 1291 3379 cuivis
1305 3297 1479 3404 prestare
1494 3329 1507 3381 r

258 3403 430 3516 idecique
453 3404 570 3486 etiam
594 3403 634 3484 in
659 3399 755 3483 statu
777 3401 936 3482 Naturae
959 3401 1143 3486 omnibus
1173 3403 1284 3490 satius
1307 3405 1508 3495 effecohi·

260 3515 354 3622 bere
377 3511 577 3597 mauus'ab
603 3509 797 3595 invafione
815 3509 993 3614 aliorum,
1017 3517 1133 3623 quam
1144 3521 1273 3601 conari
1287 3517 1385 3602 alios
1407 3547 1507 3630 prae·

259 3651 576 3858 ocppppeptiam
591 3730 706 3844 ipium
731 3729 929 3814 Hobbium
945 3733 1153 3838 agnoscere
1168 3733 1409 3821 securitatem
1433 3736 1505 3818 hu·

261 3841 427 3950 jusmodi
448 3845 713 3950 comparative
727 3843 859 3926 diuam
870 3839 1042 3928 sufficere
1054 3867 1095 3925 ut
1107 3845 1324 3952 obligemur
1342 3847 1507 3930 adactus

234 3975 447 4048 aextetuos
469 3952 698 4037 obedientiae
721 3949 903 4056 Legibus,
931 3983 1011 4039 non
1035 3955 1155 4037 modi>
1169 3957 1421 4062 naturalibus,
1441 3957 1506 4040 sed

263 4066 377 4146 etiam
406 4061 584 4147 omnibus
602 4061 757 4171 insuper
779 4059 973 4146 Civilibus
991 4061 1234 4174 prestandaer
1261 4067 1523 4258 quippehulss¹

1436 4205 1510 4262 ane
