3392 4572
315 178 443 316 gra.
793 173 1071 310 causeam..

329 347 372 425 δι
397 343 437 425 se
454 335 662 424 transferre
677 336 717 422 in
738 335 876 422 statum
893 335 1024 438 hostis,
1051 332 1115 420 leu
1140 331 1275 418 statum
1291 338 1518 426 naturalem.

329 450 428 535 Inde
445 489 448 494 Δ
466 450 567 532 vero
600 475 693 536 mox
718 444 903 558 sequetur
934 446 1117 531 rebellem
1143 445 1243 530 nunc
1278 451 1519 560 recuperare

329 565 396 669 jus
418 560 590 644 naturale
612 581 739 644 morte
761 559 965 644 mulllandi
997 559 1150 665 Regem
1171 555 1278 640 suum
1299 558 1321 641 ὲ
1345 588 1428 668 quo
1450 563 1518 646 de·

314 671 439 764 lecit,
461 673 604 780 pariter
625 694 742 779 atque
765 671 856 750 Rex
877 669 939 774 jus
962 666 1079 750 habet
1104 667 1211 750 illum
1233 667 1454 756 occidendi.
1476 675 1517 754 ln
1542 740 1555 764 .

332 780 434 864 llatu
459 780 559 864 enim
594 779 737 876 hostili,
762 780 827 860 seu
862 777 1026 906 naturali
1059 777 1272 903 qubiano
1301 781 1405 904 paria
1436 781 1520 866 fiant

332 915 672 1108 ullaulla
693 884 1522 1108 iiqliillnlfl'siililaliqibiii

334 1115 650 1300 euingexponitun
672 1105 698 1189 st
720 1108 781 1298 jas
791 1107 918 1300 ηΐιιιιιιιι1
937 1109 987 1188 acl
1012 1106 1220 1296 necfliaria
1252 1111 1339 1234 pite
1366 1114 1522 1305 coffi-

335 1247 383 1300 va
437 1249 467 1301 ae
493 1243 650 1302 tueatur
675 1247 713 1298 ιιι
769 1245 787 1296 a
857 1245 903 1298 na
922 1245 1011 1300 urm.
1108 1245 1183 1298 unc
1213 1244 1313 1300 enrm
1340 1244 1383 1303 ut
1494 1249 1524 1304 u

317 1327 560 1412 ¹‘titulabitur
588 1330 640 1410 ab
665 1329 742 1410 alio
774 1331 927 1438 quovis,
953 1327 1022 1436 qui
1046 1331 1106 1429 jus
1138 1327 1186 1408 ad
1219 1327 1348 1412 omnia
1379 1331 1524 1414 sibimet

334 1439 527 1522 vendicet.
585 1435 709 1520 Ῑιιιιιιὸ
737 1437 837 1518 vero
851 1441 987 1546 aperte
1006 1435 1138 1520 docuit
1159 1434 1520 1524 Hobbiuerva'ath.

322 1587 368 1632 e.
404 1545 470 1627 28.
503 1551 644 1630 malum
671 1546 847 1630 hostibus
869 1545 1122 1654 (quanquam
1149 1567 1265 1628 autea
1289 1548 1410 1636 Cives
1438 1551 1524 1638 lue·

335 1657 437 1764 rint)
461 1653 647 1742 inllillum
669 1659 827 1739 nomine
848 1683 967 1762 puna
994 1683 1070 1740 non
1088 1657 1376 1765 comprehendi.
1439 1666 1529 1744 Un-

335 1766 387 1848 de
409 1767 586 1874 sequitur
610 1766 704 1849 nulli
723 1791 844 1874 poenae
875 1763 1067 1848 obnoxios
1090 1765 1168 1848 elle
1198 1767 1374 1868 rebelles,
1399 1799 1525 1882 quaa·

320 1903 453 1983 ιιιιιιιιιι
477 1897 722 1983 exponantur
746 1873 1021 1957 calamitatibus
1045 1873 1162 1958 statiis
1188 1879 1381 1962 naturalis.
1424 1885 1525 1964 Prae·

339 2012 446 2068 terea
466 1985 553 2069 crim
579 1985 782 2066 innumere
804 1979 875 2066 sint
899 1986 937 2065 in
962 1983 1155 2094 plerisque
1174 1986 1427 2092 Civitatibus,
1453 2019 1525 2074 no·

324 2094 412 2178 ‘stra
444 2097 665 2203 praesertim,
691 2094 815 2199 Leges
838 2093 988 2176 Civiles
1011 2121 1095 2202 quae
1129 2121 1262 2201 poenaa
1293 2099 1527 2204 graviffimas

188 2275 195 2288 .
339 2204 541 2288 statuerint
563 2204 600 2285 in
625 2229 716 2286 reos
741 2202 906 2286 criminis
931 2204 1020 2286 laesae
1045 2203 1272 2319 Maiestatis,
1295 2209 1390 2294 nihil
1410 2213 1527 2320 Legi·

340 2309 413 2396 bus
445 2311 564 2422 magis
592 2337 803 2422 repugnans
825 2311 901 2396 dici
934 2311 1061 2420 potest
1086 2317 1298 2420 quam-eos
1320 2317 1387 2404 sub
1411 2349 1527 2431 poeaa

340 2453 421 2507 non
445 2425 597 2522 cadere,
626 2444 853 2506 aureorum
882 2425 1029 2506 crimen
1053 2449 1131 2504 non
1168 2423 1245 2506 effe
1269 2427 1526 2538 tranlgteffio·

340 2563 429 2617 nean
451 2532 567 2642 Legis
593 2531 732 2614 Civilis
753 2559 836 2642 quae
853 2559 1006 2641 poenam
1028 2532 1097 2614 illis
1120 2532 1401 2624 interminatur.
1454 2543 1528 2624 lli·

325 2644 471 2725 -dicula
499 2642 555 2724 est
585 2640 728 2750 evafio,
748 2643 825 2750 qul
850 2641 942 2724 dicit
966 2639 1192 2770 superfluam
1216 2644 1295 2728 effe
1318 2649 1527 2760 obligatio·

343 2755 431 2835 nem
457 2753 505 2834 ad
529 2751 569 2831 id
596 2749 644 2831 ad
673 2751 783 2859 quod
804 2773 917 2832 antea
940 2752 1254 2860 obligurierunt,
1278 2783 1345 2864 per
1384 2761 1526 2872 Legem

329 2888 483 2969 nempe
508 2861 761 2988 Naturalem..
776 2860 986 2994 “Pluribus
1008 2861 1114 2944 certe
1134 2861 1296 2947 vinculis
1316 2866 1458 2954 sortitis
1481 2873 1527 2956 li·

342 2969 1529 3192 allariz.”urgellillss‘lluill..¹'ilff55.ll

330 3193 461 3273 etiam
483 3190 625 3271 tollere
649 3213 815 3270 conatus
832 3189 902 3288 est.
926 3189 1096 3308 ideoque
1111 3195 1259 3278 auxiliis
1282 3195 1306 3280 lt
1330 3200 1440 3310 Lege
1461 3199 1525 3283 Ci·

345 3299 412 3383 vili
434 3297 599 3382 serendis
622 3319 733 3404 opus·
747 3319 845 3398 erat,
866 3319 911 3380 nt
935 3302 1005 3410 qui
1029 3300 1080 3384 ab
1105 3331 1157 3386 eo
1184 3303 1288 3388 noui
1311 3337 1463 3392 ornnem
1482 3311 1528 3396 iis

343 3407 599 3493 reverentiam
615 3406 868 3510 excullerant,
888 3405 1023 3493 Civilis
1046 3414 1248 3518 potestatis
1259 3441 1365 3501 metu
1384 3421 1424 3504 in
1446 3419 1530 3504 offi-

346 3519 408 3602 cio
440 3517 681 3628 aliquatenus
712 3519 1017 3602 continerentur.
1074 3523 1318 3610 Manifestum
1345 3533 1449 3612 enim
1476 3531 1530 3616 ell

345 3655 391 3709 ea
414 3633 544 3711 omnia
571 3653 653 3731 quae
674 3625 951 3734 obligationem
978 3629 1125 3740 legum
1155 3637 1382 3722 naturalium
1407 3633 1531 3726 minuss

312 3839 314 3848 y
345 3757 413 3816 unt
438 3757 507 3817 aut
529 3735 686 3835 tollunt,
712 3737 813 3820 illius
831 3737 1033 3847 prasertim
1057 3767 1139 3851 quae
1161 3743 1211 3826 de
1234 3749 1431 3852 pallorum
1454 3750 1530 3836 fide

345 3843 529 3932 servanda
558 3845 729 3952 praecipir
767 3869 924 3930 eatenus
947 3849 1092 3934 crimen
1117 3855 1207 3937 laesae
1228 3857 1441 3966 Majellatis
1463 3887 1530 3945 aur

347 3975 557 4039 extenuare
583 3976 648 4038 aut
668 3905 822 4058 tollere,
850 3955 1031 4069 adeoque
1063 3961 1235 4048 homines
1257 3966 1294 4050 in
1331 3965 1529 4077 pellimum

1369 4137 1371 4142 ,
1433 4081 1528 4163 illud
