3410 4574
305 144 496 282 DeLrgt
518 129 706 282 Natura
729 147 898 286 'ejisque
922 149 1192 290 obligatione.
1227 245 1230 254 .
1328 193 1421 292 213

189 315 376 432 sapiffime
396 317 535 406 frustra
564 317 674 402 fimus
697 319 790 404 illud
814 345 1057 408 attentantes.
1083 327 1191 411 Bona
1210 351 1338 412 autern
1361 329 1425 410 illa

186 459 272 558 quae
296 428 345 512 ad
366 430 455 514 vitae
470 425 800 514 conservationem
821 429 1024 516 necessaria
1046 436 1146 536 suut,
1177 436 1273 520 ideo
1296 445 1426 520 derer-

186 538 359 626 munins
385 535 689 645 cognoscuntur,
711 545 752 624 8(
781 563 1019 650 expetuntur
1047 543 1308 652 abomnibus,
1332 552 1425 656 qtna

185 649 380 748 causarum
400 651 519 732 eriam
539 646 823 730 necessariarum
839 677 1054 736 nexuacum
1069 649 1344 738 effesiibueluis
1359 669 1426 736 na·-

185 757 357 846 turaliter
372 757 664 866 determinatur,
684 759 725 840 8(
740 759 919 842 uniceex
941 760 986 845 iis
1007 762 1227 871 investigari
1294 749 1421 871 liunt:
1450 827 1455 836 .
1514 861 1517 870 ¹

187 865 402 978 cartimque
419 863 676 974 investigatio,
700 873 742 952 8(
765 867 973 978 applicatio
1003 871 1051 952 ad
1075 869 1205 956 suose
1238 875 1340 958 enus
1361 872 1424 978 ju·

184 977 350 1062 condior
372 975 427 1060 est
447 975 612 1059 humano
633 975 788 1085 ingenio
819 976 1087 1063 certitudinem
1154 981 1242 1066 uam
1266 982 1423 1066 minime

184 1081 430 1170 fluduantem
450 1081 650 1168 anhelanti.
682 1087 800 1171 Addo
811 1087 923 1170 etiam
945 1116 1042 1201 opus
1051 1009 1321 1199 conlervandi,
1334 1117 1421 1198 pcr-

183 1193 422 1306 ficiendr'que
453 1216 623 1276 naturam
652 1223 689 1277 o.
704 1227 741 1304 g.
771 1197 973 1280 humanam
998 1225 1096 1310 opus
1121 1200 1198 1283 esse
1231 1201 1422 1304 majorem

182 1302 381 1414 postulans
395 1309 436 1392 8(
455 1303 644 1388 scientiam
655 1305 755 1390 circa
776 1333 903 1390 tetum
916 1332 1082 1406 naturas,
1104 1307 1420 1408 &solertianrae

183 1411 455 1500 industriamin
477 1411 728 1514 inveniendis,
748 1413 972 1526 urendisque
981 1416 1115 1499 mediis
1130 1443 1218 1500 eum
1231 1419 1273 1502 in
1287 1417 1422 1518 finem,

182 1521 419 1638 quim-opus
438 1521 677 1632 perdendi&
689 1527 962 1634 corrumpendi
972 1524 1133 1610 eandem
1152 1551 1330 1612 naturam
1346 1526 1422 1608 hue

181 1659 343 1728 matram.
379 1633 420 1716 ld
435 1631 692 1717 enimamero
703 1661 752 1717 ne
779 1634 890 1736 ledo,
901 1661 968 1722 aut
982 1633 1197 1748 ignorantia
1209 1636 1321 1720 frene
1331 1634 1419 1720 fieri

180 1742 324 1850 potest,
348 1741 532 1824 dvitibua
545 1739 708 1828 hominia
719 1661 927 1826 admodum
944 1746 1153 1844 imbecillia,
1165 1819 1168 1824 .
1182 1768 1247 1827 aut
1261 1747 1420 1832 alterius

178 1849 485 1962 'contemptiffimi
511 1851 682 1932 animalia
733 1875 948 1958 erpetratur
969 1851 1111 1962 sapius.
1153 1855 1323 1938 Maxima
1349 1881 1417 1938 au·

179 1981 258 2044 tem
279 1961 330 2042 ad
346 1959 441 2045 Boni
455 1956 602 2066 publici
625 1881 932 2066 prosecutionem
950 1962 1083 2069 (quod
1107 1987 1220 2042 omne
1241 1967 1419 2047 omniunt

177 2067 378 2160 huminum
400 2067 545 2150 bonum
559 2065 835 2176 complediitur,
850 2069 1027 2178 adeoque
1040 2070 1240 2150 maximum
1254 2068 1336 2172 est)
1357 2099 1421 2153 τεο.

180 2180 349 2288 quiritur
363 2171 571 2286 sapientia:
597 2181 795 2284 &quavis
816 2177 965 2259 stultitia
980 2180 1071 2263 illud
1093 2177 1329 2288 aliquatenus
1345 2184 1420 2262 mie
1531 2214 1539 2232 ·

180 2315 303 2386 nuere
325 2285 532 2372 &turbare
549 2283 697 2394 potesta
714 2287 945 2396 Sapientiam
961 2311 1089 2372 aurem
1114 2289 1235 2372 cuivis
1251 2289 1419 2372 rationa-

177 2399 358 2490 linarurae
380 2393 500 2504 magis
520 2397 730 2478 naturalem
744 2393 820 2479 effe
834 2403 876 2482 8(
891 2396 1131 2482 intrinsecam
1151 2397 1420 2506 supponimuqss

175 2509 299 2622 qu'am
319 2504 526 2590 lhrlritiam.
581 2502 778 2614 Adeoque
818 2507 921 2589 astus
943 2509 1178 2605 voluntatis,
1203 2509 1244 2586 8(
1267 2509 1421 2591 externi

177 2639 340 2708 conatus
363 2615 410 2698 ad
433 2615 765 2700 conservationem
785 2616 998 2700 communis
1015 2615 1119 2700 'boni
1140 2616 1328 2700 facientes
1350 2645 1417 2701 nae

178 2727 358 2813 ruraliter
389 2724 477 2810 sane
499 2723 749 2834 perfeuiores
782 2723 1043 2834 gratioresque
1073 2722 1142 2807 finr
1168 2723 1319 2808 necesse
1345 2725 1419 2827 ert,-

177 2835 380 2946 magisque
398 2833 670 2918 convenienret
693 2831 817 2917 eidem
839 2857 980 2928 naturae
993 2835 1170 2920 rationali
1183 2831 1291 2918 anisa
1308 2837 1419 2922 sorte

179 2973 291 3030 error
312 2941 445 3054 aliquis
459 2941 611 3050 Judicii,
634 2965 698 3024 aut
716 2941 867 3026 habitus
887 2939 980 3026 inde
1005 2967 1153 3044 enatus,
1180 2965 1302 3055 arque
1325 2945 1418 3030 ideo

178 3055 317 3156 malus,
327 3055 458 3136 animo
472 3051 695 3149 accesserim
716 3051 821 3134 unde
842 3043 963 3134 fiatur
982 3083 1064 3165 quae
1081 3076 1254 3141 naturam
1274 3052 1417 3139 laednnt

180 3187 288 3277 grata
308 3187 438 3246 tamen
451 3157 746 3270 ipfivideantur,
759 3161 989 3274 velutaquae
1002 3163 1124 3244 nimiae
1210 3160 1419 3271 ushydro·

43 3323 44 3328 Ν
180 3274 281 3382 pico,
308 3293 377 3355 aut
401 3268 667 3378 febricitanti..
691 3269 852 3356 Certum
866 3271 1037 3354 enimest
1058 3185 1336 3382 petffiionem
1357 3274 1418 3354 in·

180 3382 379 3488 ‚ttinsccam
403 3385 445 3465 8(
477 3380 686 3468 naturalem
708 3381 927 3481 voluntaris,
951 3379 1013 3462 scu
1046 3382 1175 3481 animi,
1199 3379 1417 3466 hominisve

180 3489 221 3577 in
245 3521 298 3577 eo
316 3487 516 3592 consistere
535 3511 578 3575 ut
609 3519 655 3580 ea
676 3493 875 3600 velitquae
899 3485 1418 3600 Intellectus—sapientium

180 3595 384 3710 (plurima,
404 3601 447 3682 8(
472 3602 637 3680 maxima
664 3593 885 3707 pleniffimd,
895 3596 1253 3708 comprehendens)
1267 3592 1419 3680 rettuli-

179 3711 244 3816 rne
270 3709 442 3792 statuerit
466 3707 580 3790 rebus
597 3709 773 3816 'plurimis
784 3725 829 3789 ac
839 3709 1012 3790 maximis
1032 3707 1108 3792 effe
1126 3707 1271 3794 summe
1294 3703 1418 3794 bona.

180 3819 343 3931 ,Qrippe
364 3813 557 3902 consensus
575 3817 848 3907 &Harmonia
869 3819 972 3898 inter
990 3819 1091 3902 assus
1111 3815 1279 3920 ejusdem
1293 3815 1418 3902 homi·

179 3933 239 4018 nis
254 3954 419 4038 quotum
434 3953 546 4025 unus,
561 3923 703 4008 scilicet
729 3925 842 4008 Asius
857 3925 1070 4010 tnrettettts
1092 3929 1226 4026 renus,
1254 3931 1419 4010 &naru-

180 4065 228 4140 ξπ
239 4035 466 4158 perfectivus
479 4035 555 4122 elle
567 4031 1073 4232 agnosciturquidenrilltute
1086 4033 1420 4220 melioremsqninti

510 4175 513 4186 ·
833 4169 933 4248 eq,
1321 4161 1423 4224 atum
