3392 4572
295 237 389 340 330
618 199 681 298 De
706 143 760 298 iis
789 229 882 330 que
910 201 957 297 in
972 193 1084 334 Lege
1098 194 1285 300 Nature

295 375 485 505 Potesiate
508 374 611 486 sunt,
637 402 684 456 ac
705 369 909 456 necessaria
929 368 979 452 ad
1002 367 1187 455 summum
1204 369 1335 472 finem,
1357 365 1423 458 illa
1447 369 1539 486 lege

296 497 663 698 Prszil'ddudriseda
690 611 813 674 autem
829 589 1041 676 Prudentiae
1052 587 1540 697 immediata‚generaliffi-
1574 605 1580 614 '

295 735 372 838 rna,
393 705 581 835 nobisque
599 698 815 834 'intrinseca
839 703 925 783 sunt
943 702 1022 890 s(1)
1040 711 1172 829 ‘Animi
1196 697 1431 828 crustumia,
1446 703 1540 832 ‘qud

296 816 560 900 didamrnrbus
573 841 669 915 erut,
681 835 821 918 utpote
834 837 920 921 quae
959 809 1538 923 untrmmutabrhstentatio&

79 963 83 970 ³
178 993 180 998 -
296 926 473 1010 omnibus
487 921 770 1007 circumstantiis
781 921 867 1002 sunt
879 919 1179 1020 accommodata,
1195 919 1271 1002 fine
1284 921 1360 1002 ulia
1374 915 1541 1014 fludua-

297 1041 406 1121 tione
430 1035 678 1118 adhaeremus.
707 1029 887 1115 Estenim
902 1031 1074 1142 quedam
1087 1030 1220 1134 judicii
1235 1031 1387 1137 prodici
1400 1030 1542 1118 desine

300 1151 342 1232 8<
373 1147 507 1232 mediis
531 1145 698 1253 optimis,
712 1169 757 1224 ac
778 1139 1095 1227 voluntatisillud
1119 1140 1544 1249 sequentieimmutabi·

298 1261 399 1358 litas,
423 1281 509 1366 qnae
531 1251 752 1336 immediate
781 1250 1000 1359 procedite
1025 1273 1211 1359 percepta
1237 1250 1463 1336 immutabili
1477 1283 1546 1338 ve·

300 1371 415 1452 ritate
437 1361 743 1477 propositionum
758 1359 1021 1468 predicatum,
1042 1361 1231 1470 inquibus
1258 1355 1545 1448 definettme

299 1479 371 1560 diis
394 1473 604 1560 necessariis
631 1472 930 1582 pronunciatur:
962 1470 1172 1554 Prudentia
1214 1475 1269 1553 ita
1290 1469 1332 1554 se
1360 1469 1475 1556 habet
1492 1475 1546 1559 ad

304 1582 610 1682 inconstantiam,
637 1579 695 1690 uti
711 1583 877 1664 Scientia
897 1580 945 1661 ad
972 1579 1155 1663 assensum
1168 1579 1480 1669 contradictoriis
1501 1584 1548 1666 fi·

300 1698 380 1779 tnui
409 1690 730 1805 proposrrionibus
743 1689 884 1772 datum.
942 1686 1171 1782 Constantia
1192 1711 1320 1772 autem
1343 1692 1384 1773 in
1410 1695 1547 1802 prose·

302 1805 626 1890 cutionemaximi
640 1798 755 1902 hujus
767 1798 865 1900 finis,
878 1799 972 1882 dum
984 1799 1153 1910 pericula
1167 1801 1552 1902 imminent,&diffi·

302 1917 465 2001 euitatea
475 1911 642 2007 obstant,
657 1909 713 1993 est
729 1909 946 2008 Fortitudoa
962 1907 1094 1993 eadem
1106 1935 1329 2018 permanens
1341 1910 1433 1996 dum
1444 1917 1550 1999 maia

304 2023 629 2137 patimur2dicitur
646 2031 839 2106 Patientia.

363 2159 407 2218 a.
437 2133 644 2220 Moderatio
666 2129 910 2218 esteffednm
926 2130 1139 2216 Prudentia
1171 2127 1331 2219 assedus
1358 2141 1402 2223 8<
1428 2167 1551 2224 tona*

304 2271 367 2328 tus
380 2251 577 2329 intraeum
590 2238 746 2325 modum
761 2241 850 2348 (seu
873 2241 1106 2348 mensuram)
1127 2243 1353 2328 continentis
1373 2251 1445 2358 qui
1462 2245 1552 2336 finit

306 2357 490 2461 bonitati,
517 2357 559 2436 &
585 2349 1074 2438 mediorumnecessrtariac
1098 2353 1257 2436 utilitati
1271 2359 1442 2442 maxime
1456 2387 1551 2444 con·
1664 2407 1667 2416 ·

306 2472 427 2550 venit.
486 2465 640 2573 Atquin
657 2462 863 2545 Prudentia
879 2465 1048 2550 animum
1061 2459 1206 2571 semper
1226 2463 1359 2574 dirigit
1371 2470 1420 2551 ad
1434 2467 1552 2555 finem

306 2601 496 2687 optimum
520 2577 725 2680 integrum,
751 2573 815 2656 sen
840 2569 1040 2656 secundun
1064 2599 1198 2654 omnes
1212 2573 1295 2680 ejus
1310 2599 1554 2694 partesque·

308 2688 484 2782 rendum,
497 2691 537 2768 n<
552 2684 600 2764 ad
621 2681 730 2766 usum
755 2686 927 2767 omnium
948 2683 1164 2766 mediorum
1178 2681 1493 2795 necessariorum,
1504 2719 1554 2775 ea

307 2815 569 2907 proptervera
596 2793 823 2874 Moderatio
847 2791 1124 2902 ablntegrr'rare
1143 2791 1273 2875 diveili
1303 2822 1382 2882 non
1405 2803 1552 2908 potest,

309 2931 383 3009 nec
404 2904 643 3008 auiugenrra
669 2901 735 2983 seu
757 2899 954 3015 industrie.
1006 2901 1261 3011 Supponimut
1277 2927 1405 2991 autem
1423 2911 1462 2994 in
1482 2913 1554 2996 da·

309 3042 350 3097 ra
375 3011 632 3124 descriptione
669 3007 966 3112 Moderationis,
999 3021 1135 3095 notum
1159 3011 1238 3095 eise
1270 3020 1313 3098 8(
1334 3018 1554 3104 concessum

309 3117 463 3210 effeetus
489 3115 762 3221 intenfiffimor,
790 3151 836 3204 ac
862 3145 1021 3207 conatur
1048 3119 1393 3210 vehementissimos
1429 3130 1557 3215 homi·

311 3261 403 3318 num
425 3236 526 3316 circa
550 3231 735 3314 summum
749 3227 879 3335 finem,
899 3231 1169 3342 mediiquead
1193 3233 1458 3322 illunsunme
1485 3271 1559 3324 ne·

311 3343 795 3450 cessariaexiegeNaturae
835 3339 1302 3452 eneraiiffimaimperarir
1324 3347 1556 3434 Hocautem

311 3461 419 3554 dato,
444 3457 483 3534 &
499 3453 660 3535 inventi
678 3371 941 3562 propodrione
966 3455 1066 3535 inter
1091 3456 1269 3564 quemvis
1282 3455 1394 3540 alium
1419 3454 1555 3562 finem,

301 3595 358 3650 uc
379 3565 579 3660 summum,
593 3561 654 3644 uti
668 3563 709 3643 8<
721 3559 819 3644 inter
832 3558 936 3645 usum
949 3561 1261 3648 acnoceffitatem
1271 3563 1439 3650 aliorum
1451 3599 1555 3682 quo·

312 3667 755 3769 rumlibetmediorttm,
782 3673 907 3861 parilis
928 3677 1139 3782 proportio
1150 3673 1249 3756 inter
1262 3671 1556 3766 affectantem·

313 3803 424 3862 natus
450 3781 508 3861 his
531 3781 569 3862 in
579 3777 723 3863 casibus
736 3781 785 3864 de
815 3784 891 3866 itus
905 3784 1052 3890 poterit
1078 3785 1256 3894 reperiri.

370 3890 406 3986 d.
438 3889 526 3972 Vll.
555 3889 619 3970 Ab
642 3889 714 3996 hae
732 3913 859 3974 autem
872 3891 1144 3976 Moderatione
1160 3919 1391 4001 quamtum
1409 3899 1555 3984 summa
1690 3995 1691 4002 Ν

313 3999 554 4083 vehementia
568 3995 842 4086 circafirrem&
856 4002 1558 4120 mediaoptimaconciiiavimut,nihii

313 4107 380 4218 (ut
393 4107 557 4228 opinor)
576 4105 692 4194 distat
705 4109 947 4197 Mediocriter
957 4113 1038 4216 itta,
1049 4139 1169 4223 quam
1184 4115 1294 4200 velut
1311 4117 1462 4206 virtutis
1472 4148 1557 4206 om·

1203 4347 1223 4386 ·
1415 4231 1560 4342 nigenae
