3400 4566
328 182 902 326 ueLrgeNarneeiisrte
918 147 1210 328 ibligamn's
1315 225 1417 324 ²43⁴

179 367 823 482 stitueodum,consenrandrimque
848 369 1026 455 omnibus
1052 371 1412 482 potentersuadent,

179 484 360 596 adeoque
390 477 573 590 infigoern
601 480 779 564 omnibus
807 479 983 584 praestant
1015 485 1139 584 usum,
1162 488 1202 566 in
1228 510 1412 594 quantum

178 591 475 681 commodorum
501 585 696 673 societatis
721 587 1044 700 sarneingentium
1071 593 1188 677 causae
1212 595 1299 678 sunt
1342 598 1414 678 ali·

176 729 367 817 quatenus
389 698 631 806 adjuvantes.
688 699 871 781 fatemur
904 701 1147 786 nihilominus
1177 731 1312 814 parum
1337 695 1434 788 eii'e'

177 815 290 925 quod
312 814 334 896 d
359 799 488 892 multis
516 807 722 917 praesertim
748 813 903 892 remoris
926 812 1120 920 accipiunt
1153 811 1318 920 finguli5
1346 815 1417 898 sed

77 1021 83 1032 ¹
177 927 272 1010 ideo
293 919 521 1006 consimilem
547 915 693 1002 tantum
709 945 838 1026 operae
860 919 996 1004 nosttae
1016 944 1164 1028 partem
1180 924 1218 1003 in
1231 951 1427 1031 compen·-

175 1033 362 1120 sationem
394 1025 644 1136 deposuimus.
715 1029 804 1110 Nee
842 1028 929 1112 tutd
957 1029 1112 1137 possirnt
1138 1031 1218 1115 haec
1256 1035 1414 1142 negligi,

177 1145 364 1258 quoniam
389 1141 410 1221 ὲ
434 1140 587 1221 minutia
616 1134 838 1238 hujusmodi
876 1139 1118 1222 humanitatis
1148 1139 1293 1251 officiis,
1357 1172 1412 1224 uae

175 1257 432 1368 plurimorum
446 1251 534 1333 cura
552 1246 808 1348 cumulantur,
821 1271 912 1331 tota„
934 1244 1164 1357 ungulorum
1180 1253 1303 1358 eaque
1326 1173 1416 1336 daris

174 1389 313 1472 magna
343 1357 531 1441 succrescit
553 1353 771 1455 beatitudo,
796 1385 847 1440 eo
873 1358 960 1440 fere
982 1359 1101 1442 modo
1130 1388 1213 1468 quo
1238 1386 1288 1440 ex
1310 1362 1416 1444 ordi·

83 1475 85 1482 ’
173 1477 271 1558 natis
297 1470 528 1554 minutarum
553 1466 719 1548 materia
741 1467 919 1556 motibus,
935 1467 974 1548 8(
1002 1465 1132 1575 figuris
1155 1469 1415 1580 pulcherrima

173 1579 306 1669 mundi
317 1577 501 1690 corporei
523 1599 730 1684 compages
753 1577 958 1684 consurgit.
990 1576 1134 1662 Verum
1158 1580 1359 1690 (quoniam
1374 1577 1420 1664 in

173 1681 1158 1807 oapitedeNatrrahrrmarrapluracongeffimus,quae
1169 1689 1411 1774 manifestum

174 1807 323 1893 faciunt
340 1799 516 1884 homines
539 1804 580 1882 8(
596 1793 704 1904 poffe
730 1797 825 1878 alios
838 1797 979 1880 multos
991 1795 1141 1900 juvare,
1158 1801 1198 1880 8(
1212 1799 1247 1881 in
1260 1796 1411 1899 illud,sr

175 1909 412 2003 modusalva
431 1905 621 1990 sueorum
645 1900 835 2006 soelicitas,
848 1905 1114 2014 propendere)
1139 1905 1319 1992 sufficiant
1357 1935 1413 1990 uae

174 2027 241 2110 hic
263 2021 395 2104 manui
407 2015 586 2126 paucula,
600 2034 642 2094 ut
666 2015 1000 2121 inpresentiarum,
1023 2018 1132 2100 velut
1156 2016 1242 2100 satis
1269 1937 1422 2124 pidia,

174 2159 271 2232 tum,
299 2129 496 2226 sumamus,
508 2121 693 2208 Homines
717 2119 842 2206 causat
856 2123 1058 2233 effe,inter
1073 2150 1414 2234 rescreatas,prae·

174 2240 345 2356 cipuasir
371 2235 506 2346 quibus
529 2231 631 2318 unus
648 2232 783 2343 uisque
793 2231 890 2318 suam
902 2233 1142 2320 ioelicitatem
1164 2259 1240 2320 tam
1255 2235 1413 2346 praesen·

173 2379 269 2456 tem,
282 2349 399 2460 quam
417 2343 578 2430 suturam
589 2342 627 2426 io
678 2345 770 2426 erris
790 2344 960 2536 {endere
981 2345 1195 2432 neceffarid
1218 2377 1239 2430 a
1269 2341 1411 2432 noscat.

175 2463 349 2550 Eandem
375 2455 429 2539 ob
453 2457 640 2538 rationem
662 2455 768 2562 plura
822 2453 862 2538 ic
884 2482 964 2538 nou
987 2483 1086 2562 opus
1110 2455 1164 2538 est
1192 2375 1334 2542 addere
1361 2457 1414 2538 ad

207 2566 419 2660 robandum
444 2563 693 2674 Noospetari
705 2559 815 2670 poffe
830 2581 931 2647 ‘curn
949 2564 1137 2666 Ratione,
1147 2563 1322 2650 hominen
1342 2563 1413 2646 illia

175 2607 335 2774 dandis
353 2675 521 2760 libenter
530 2699 691 2864 opergrn
712 2674 934 2797 impendere
954 2675 1072 2801 uelle,
1092 2703 1194 2788 quos
1217 2673 1349 2760 odrint
1369 2673 1411 2758 in

173 2787 641 3012 iniustitiam,
657 2781 1411 3020 {ttn0t531ta'ti'td‘2nitin}

175 3013 252 3103 effe
274 3031 319 3093 ut
337 3005 432 3090 talea
444 3011 566 3116 poenis
576 3001 777 3110 condignis
790 3024 1055 3110 coerceantur,
1067 3027 1134 3086 ant
1158 3007 1257 3090 extir
1285 3025 1412 3086 entur.

230 3125 270 3224 n.
303 3117 436 3200 XXX.
467 3107 762 3200 Observandum
782 3131 910 3194 auteur
935 3109 990 3194 est
1010 3112 1118 3224 qudd
1140 3117 1229 3200 arcti
1274 3141 1333 3196 ma
1352 3113 1412 3196 io·¹
1514 3179 1518 3191 .

175 3229 342 3319 teroedit
373 3227 474 3309 inter
500 3223 702 3310 rationales
727 3246 862 3304 omnes
881 3218 1133 3324 moestitudo,
1153 3251 1320 3416 puaeque
1331 3247 1414 3416 dm

174 3367 300 3429 totum
312 3337 401 3420 vitae
411 3338 581 3420 humana
591 3327 940 3438 decursumeonet,
951 3353 994 3414 ut
1004 3329 1140 3418 trustra
1166 3357 1193 3418 rt
1205 3339 1276 3446 qui
1288 3329 1325 3416 se
1353 3357 1413 3416 uae

177 3448 371 3541 foelicitati
392 3439 479 3530 sans
501 3439 731 3532 consuluiise
756 3441 921 3550 jndicer,
945 3437 971 3521 fi
1000 3441 1105 3545 huic,
1120 3467 1185 3528 aut
1208 3473 1289 3529 uno
1315 3434 1414 3524 te'ru·

178 3590 279 3755 plote
299 3557 428 3644 omnia
438 3550 680 3748 humanitatis
696 3546 818 3742 ogfigita
834 3549 1067 3744 prailtaiterit,
1087 3547 1323 3748 f‘llteriyerrd
1343 3567 1413 3632 aut

178 3703 262 3760 aro
284 3693 361 3752 tem
392 3693 461 3751 ore
486 3695 530 3750 ea
557 3691 618 3748 ern
660 3691 706 3746 ro
738 3685 750 3740 r
779 3686 918 3744 ruvro
956 3685 1020 3744 nt.
1157 3691 1257 3745 eorm
1301 3679 1412 3742 ruet

177 3813 258 3872 noo
280 3697 400 3864 soluit
421 3802 471 3859 ex
495 3691 663 3885 eoquod
690 3769 812 3853 modd
834 3769 1016 3873 diximus,
1037 3771 1174 3882 nempe
1212 3688 1413 3874 Quodiam

176 3891 412 4004 fingulorum
433 3881 819 3974 hominumfodicitas
844 3879 1037 3990 perpetuo
1057 3869 1220 3992 pendet,
1246 3876 1414 3968 immedi-

179 4007 245 4092 ate
269 3998 463 4114 quidema
487 3994 629 4091 multis,
657 3989 808 4072 remote
830 3986 944 4089 verb,
971 3997 1014 4076 8(
1039 3991 1171 4102 quoad
1193 3989 1414 4074 minutiores

180 4117 265 4224 ejus
297 4110 485 4222 partes-a
503 4101 696 4216 plerisque
719 4095 907 4183 omnibus*
927 4099 998 4210 qui
1024 4101 1240 4190 Commune
1271 4097 1412 4178 bonum

674 4208 721 4291 li
750 4231 772 4315 3
1221 4197 1417 4308 spectantt
