3392 4572
261 159 323 281 36
329 185 356 246 ο
472 159 536 250 ve
551 119 791 252 virtutibus
805 137 1294 278 Moraliburfigillatirrr.

259 343 348 402 nem
373 341 505 400 earum
527 315 604 400 effe
614 317 831 402 Commune
852 313 969 402 totius
990 313 1209 425 systematis
1228 315 1501 402 {rationalium

189 509 193 516 .
258 427 438 513 Bonum:
466 428 615 538 quippe
624 427 701 511 hoc·
714 426 834 536 seipsi
849 455 926 510 non
936 423 1184 534 distinguitur
1199 425 1221 510 ὲ
1237 425 1349 508 Bono
1378 429 1501 537 parti-

261 565 325 620 um
340 539 489 620 iliarum
505 543 544 621 in
559 545 610 620 eb
634 537 736 622 inter
753 535 938 619 seordine
951 534 1289 632 confideratarum,
1301 533 1430 645 iisque
1443 533 1501 619 so·

262 645 413 731 cretatis
437 646 598 728 vinculis
622 646 723 730 inter
749 646 788 729 se
812 645 1016 726 unitarum.
1074 644 1135 724 Ex
1153 645 1227 726 hoc
1239 641 1330 742 fine,
1342 642 1499 755 ejusque

262 755 435 868 partibus
448 755 586 840 ordine
599 757 676 858 jam
691 753 876 838 infinuato
890 752 1060 865 spectans
1081 753 1262 852 sumenda
1288 751 1344 834 est
1355 753 1501 838 mensu·
1672 768 1673 851 j

262 893 305 951 ra
335 857 769 963 actuum,&affettunm
795 866 965 946 omnium
998 867 1051 948 ita
1063 865 1176 947 utilli
1188 859 1343 948 excessu
1356 887 1424 946 aut
1436 863 1504 948 de·
1672 880 1673 887 ‘

263 974 363 1060 fectu
387 1001 551 1082 peccare
577 974 717 1058 merird
737 973 927 1073 dicantur,
959 924 985 1054 li
1009 972 1169 1084 quando
1189 974 1273 1084 plus
1296 973 1360 1056 vel
1385 973 1505 1056 minus

264 1084 333 1168 ulli
357 1087 457 1191 parti
483 1081 686 1168 tribuerint
709 1085 826 1197 quam
852 1085 976 1166 totius
1002 1084 1152 1166 Bonum
1179 1081 1254 1166 hoc
1277 1083 1506 1168 modocon·

265 1189 489 1278 servandum
506 1194 682 1303 patiatur.
739 1193 822 1275 Hac
836 1199 990 1276 ratione
1004 1193 1026 1274 ὲ
1039 1191 1149 1274 certis
1165 1191 1339 1303 notisque
1352 1194 1508 1300 regulis,

265 1329 407 1410 nempe
428 1302 597 1413 Legibus
609 1327 692 1412 quae
706 1301 790 1403 jura
804 1301 1113 1410 Dei,Geutium,
1127 1297 1309 1386 Civitatis
1320 1301 1507 1412 cuiusque

267 1415 450 1524 propriae,
475 1408 721 1524 partiumque
745 1411 971 1521 ungularum
995 1411 1185 1496 minorum
1199 1411 1509 1496 Societatumde·

268 1525 492 1621 terminant,
518 1537 646 1603 certus
668 1515 801 1602 modus
827 1523 1013 1604 adionum
1037 1518 1153 1602 facil&
1174 1519 1333 1605 inveniri
1364 1521 1508 1632 potest,

269 1653 311 1712 ut
322 1647 431 1714 extra
459 1628 618 1712 dubium
637 1627 681 1711 fit
699 1657 768 1712 eos
791 1656 926 1711 omnes
956 1632 1059 1714 adius
1080 1628 1178 1714 intra
1203 1631 1509 1716 mediocritatem

266 1738 487 1840 eonfistere,
509 1738 577 1850 qui
598 1737 744 1822 nullam
768 1764 817 1820 ex
828 1737 887 1820 his
900 1737 1064 1847 Legibus
1077 1739 1255 1838 violent5
1281 1743 1517 1824 certumeti·
1594 1753 1601 1783 ¹

272 1879 334 1932 am
363 1877 514 1936 ornnem
526 1850 649 1934 artum
661 1845 749 1930 inde
759 1845 957 1930 discedere
981 1849 1045 1932 seu
1056 1847 1234 1932 vitiosum
1248 1847 1325 1934 effe
1347 1853 1417 1960 qui
1444 1853 1511 1934 ali·

271 1959 538 2071 quamhsrum
553 1959 699 2066 Legum
713 1957 845 2039 violet.
901 1957 1154 2068 Supponinrus
1168 1981 1295 2042 auteur
1310 1961 1433 2071 Leges
1444 1963 1512 2044 has

270 2072 425 2154 intrase
444 2066 658 2152 consentire
668 2067 719 2148 ita
741 2087 783 2149 ut
800 2067 990 2148 minorum
1007 2065 1238 2151 societatum
1257 2069 1441 2174 juracurn
1456 2081 1514 2176 ju·

273 2176 377 2262 ribus
389 2175 640 2286 superiorum
655 2203 725 2285 per
751 2179 880 2260 omnia
900 2175 1118 2261 consrstant.
1155 2177 1516 2288 Nempe-infamib-

273 2291 309 2371 is
329 2287 421 2373 nihil
445 2286 620 2394 imperari
634 2283 836 2397 jurepoffe
861 2285 972 2395 quod
986 2283 1381 2396 adverseturchibus
1404 2289 1516 2373 Ciri-

276 2403 380 2498 tatis,
407 2401 518 2503 cujus
541 2423 595 2480 eae
624 2417 756 2502 partes
779 2390 879 2479 sunt.
935 2397 978 2478 In
1004 2393 1242 2480 Civitatibus
1263 2397 1358 2480 nihii
1388 2401 1517 2502 juberi

276 2509 511 2592 contrarium
538 2503 703 2614 Legibus
724 2531 857 2588 omnes
884 2505 1031 2607 Gentes
1064 2503 1330 2614 obligantibus,
1352 2506 1516 2618 (quales

276 2616 361 2698 sunt
383 2616 432 2698 de
455 2613 673 2699 dividendis
690 2613 882 2712 dominiis,
911 2614 979 2698 seu
1006 2615 1307 2726 proprietatibus
1331 2645 1411 2700 non
1431 2623 1516 2704 vio·

168 2728 176 2742 '
278 2723 414 2818 landis,
433 2725 483 2806 de
499 2721 576 2805 fide
591 2723 772 2807 servandi
788 2719 895 2830 (bc.)
925 2725 969 2806 In
982 2723 1037 2807 bis
1060 2723 1149 2806 nihil
1167 2723 1359 2810 adversari
1381 2725 1519 2813 Domi·

178 2851 181 2858 ’
282 2836 351 2915 nio
376 2832 457 2912 Dei
474 2832 509 2912 in
522 2833 604 2926 suas
616 2855 821 2916 creaturas.
885 2831 990 2918 Tota
1019 2834 1118 2918 enim
1135 2833 1335 2942 obligandi
1349 2839 1411 2919 vis
1432 2867 1520 2950 quae

277 2940 530 3028 inferioribus
558 2938 724 3050 Legibus
743 2938 920 3044 inest,ab
935 2943 1006 3025 illa
1031 2943 1277 3054 superiorum
1295 2945 1522 3045 derivarunt

282 3051 515 3162 ideoqueet
537 3046 687 3161 penitirs
708 3073 811 3134 earet
833 3051 1019 3164 quicquid
1043 3052 1234 3160 prioribus
1257 3054 1329 3139 illis
1352 3053 1526 3166 Legibus

278 3183 490 3378 ’ἔὶῗὲξὲΐὲ
513 3157 1526 3382 qiridis”riui‘z‘ribtitssdddiffertui

476 3329 487 3368 ,
853 3329 856 3336 .

285 3367 410 3462 multis
433 3377 557 3460 modis
567 3381 729 3461 limitare
741 3375 881 3492 poffits
903 3381 1086 3490 quoniam
1102 3381 1271 3494 potestas
1284 3380 1443 3468 ulterius
1457 3385 1528 3470 de·

285 3484 520 3572 terminandi
547 3485 584 3570 in
604 3486 745 3570 cssrbus
773 3487 1011 3597 'aiirperiore
1040 3520 1118 3576 non
1141 3489 1400 3576 determinatis
1436 3522 1526 3578 cum

287 3596 606 3680 subordinatione
628 3598 780 3705 optimb
795 3596 977 3701 consrstit,
996 3599 1116 3683 immd
1129 3607 1171 3686 &
1192 3605 1384 3713 praecipua
1398 3601 1455 3686 est
1468 3632 1527 3687 ra·

287 3707 349 3786 tio
371 3705 426 3786 ob
449 3731 563 3812 quarn
575 3703 811 3790 subordinari
833 3709 1020 3792 uectores
1040 3709 1338 3794 constituuntur.

337 3815 382 3912 4.
413 3815 480 3894 IV.
511 3814 797 3923 Explicatijam
821 3817 988 3903 mensuri
1000 3819 1360 3933 mediocritatisquae
1383 3825 1424 3904 in
1436 3820 1529 3905 Vir·

281 3921 437 4004 tutibus
464 3920 679 4006 Moralibns
703 3929 853 4036 requiri
876 3928 987 4030 solet,
1011 3927 1128 4013 facile
1139 3931 1312 4040 estipsas
1334 3929 1528 4042 figillrtim

161 4112 162 4118 a
289 4028 521 4134 describere,
534 4031 715 4142 quoniam
739 4059 871 4119 earum
882 4035 1039 4120 ess'entia
1052 4037 1261 4126 consrstitin
1269 4035 1533 4153 propenfione

1321 4153 1533 4238 voluntatis
