3384 4578
609 237 721 344 reor
747 223 944 352 Ratione.
1339 285 1402 382 9(

159 459 220 520 tes
233 459 272 516 v.
278 461 320 541 g.
335 445 461 514 motus
473 423 676 512 secundum
694 448 863 511 naturam
876 425 953 511 esse
976 427 1120 534 dicunt,
1138 435 1208 546 qui
1231 435 1281 519 ad
1304 437 1404 521 indi·

160 540 268 628 vidui
279 541 628 652 conservationem,
642 541 683 620 8(
696 540 897 641 sanitatem
908 537 1070 647 faciunt,
1092 546 1258 656 reliquos
1275 547 1342 656 qui
1355 549 1404 632 ad

162 652 342 738 morbum
364 649 529 735 tendunt
543 651 584 730 8(
607 647 771 732 bominis
783 651 1059 762 corruptelam,
1104 659 1402 740 raeternaturalet

126 803 134 826 2
163 764 425 876 appellantes:
453 759 689 863 necinjuria,
700 760 792 872 quia
807 783 982 846 naturam
1003 683 1406 878 intelliguntpartieu·

162 878 301 962 lare'nts
331 871 439 978 cujus
466 865 794 954 conservationem
823 898 958 956 eorum
983 900 1043 956 ars
1063 871 1231 986 spestat:
1261 899 1404 958 necta·

162 1013 253 1071 men
277 979 599 1091 inficienturquin
626 975 941 1092 perniciostffimae
967 983 1172 1068 humorum
1186 985 1407 1070 Metallases

25 1111 29 1120 ’
163 1095 259 1179 fiant
283 1089 481 1176 secundum
500 1091 603 1200 leges
625 1113 766 1174 naturae
788 1087 963 1178 univetli.
1000 1095 1061 1200 ¹ln
1091 1095 1249 1180 homine
1280 1120 1408 1184 autem

166 1202 308 1317 Judicii
335 1229 444 1286 error
465 1204 505 1283 8(
518 1199 658 1284 malitia
670 1201 891 1288 Voluntatis
915 1231 990 1288 nec
1002 1230 1218 1318 congruunt
1238 1211 1407 1314 particu-

167 1316 255 1416 laris
283 1337 426 1396 naturae
447 1309 645 1395 conatibus
666 1307 797 1396 versus
820 1309 921 1398 suant
947 1341 1080 1396 veram
1101 1315 1407 1426 perfectionem,
1470 1313 1479 1338 ‘

168 1427 283 1510 necl
307 1417 528 1507 necelsttate
550 1415 719 1504 inllutuis
734 1449 862 1508 rerum
880 1443 1127 1508 externarum
1147 1427 1408 1537 quarumlibet

169 1540 210 1620 in
244 1536 351 1620 illum
373 1528 707 1644 proficiscuntur:
749 1531 825 1615 Sed
858 1531 880 1616 ὲ
916 1559 1020 1616 mera
1045 1533 1204 1646 primitm
1229 1535 1408 1622 inadver-

168 1645 305 1756 tentia,
331 1651 374 1730 8(
392 1641 624 1744 temeritate,
643 1665 737 1726 mox
757 1641 779 1726 a
800 1643 915 1730 More
926 1643 994 1730 seu
1005 1645 1221 1734 inritatione
1233 1643 1287 1731 sui
1312 1647 1409 1730 alio·

168 1755 344 1866 rtiutque.

224 1859 476 1976 lniquilstmus
488 1859 608 1970 igitur
630 1858 686 1943 est
698 1859 879 1944 Hobbius
894 1862 962 1972 qui
975 1861 1161 1978 quicquid
1176 1867 1217 1947 in
1240 1864 1339 1948 male
1353 1863 1410 1948 fe·

170 1978 360 2060 riatotttm
385 1974 682 2082 Congerronum
696 1967 955 2078 congteffibus
969 1967 1107 2054 facturn
1123 1971 1359 2072 observavit-,-
1367 1971 1411 2056 id

171 2089 282 2170 velut
314 2077 567 2196 graviffintam
588 2075 639 2158 de
668 2076 817 2160 Natura
846 2077 1009 2162 humana
1030 2081 1413 2194 contemplationem,

170 2203 215 2282 8(
233 2221 343 2278 novae
369 2189 540 2274 Politicae
558 2183 848 2274 fundamentum
869 2190 1071 2300 proponit.
1098 2223 1101 2230 ⁴
1124 2191 1214 2278 Nec
1234 2190 1414 2275 Theore·

170 2307 250 2387 tica
261 2301 407 2388 tantbm
422 2293 700 2405 axiomata,sed
713 2299 833 2406 prima
844 2325 995 2384 morum
1007 2299 1297 2386 formandorum
1308 2307 1415 2414 prin·

172 2421 272 2527 cipia
292 2413 330 2497 in
344 2411 419 2496 hoc
432 2403 658 2494 neceffitatis
678 2406 800 2516 gradu
813 2409 1016 2522 quarenda
1029 2409 1293 2497 ess'eautumo.
1336 2411 1414 2498 Di·

137 2561 143 2572 ·
172 2529 274 2616 §tata
298 2544 427 2620 autem
448 2547 533 2632 qua
548 2519 800 2628 particulares
818 2519 954 2606 multas
967 2520 1149 2620 alliones,
1171 2516 1416 2604 circumstan-

171 2634 237 2718 tiis
249 2635 322 2717 suis
334 2625 872 2732 vestitas,determinent,satis
884 2626 939 2710 est
949 2654 994 2712 ut
1008 2627 1274 2736 probabilibus
1287 2631 1415 2716 nitan·
1529 2673 1534 2682 ·

172 2767 241 2827 tur
259 2742 482 2842 rationibus,
507 2739 641 2850 quales
663 2745 801 2824 mentis
820 2735 955 2822 nostra
979 2739 1228 2840 imbecillitas,
1242 2767 1316 2850 prae
1337 2769 1414 2852 qua

173 2843 304 2938 omnia
327 2850 519 2962 prasentia
543 2849 767 2958 expendere
784 2877 864 2934 non
879 2851 1020 2962 potuit,
1044 2850 1168 2936 multb
1192 2849 1315 2936 minus
1332 2881 1417 2936 om·

175 2971 241 3049 nia
263 2958 406 3046 exinde
424 2957 624 3070 sequutura
647 2959 871 3066 praevidere,
898 2963 938 3046 in
952 2965 1158 3074 ingruente
1179 2961 1320 3074 agendi
1349 2993 1418 3048 ne·

177 3070 363 3172 ceffitate,
388 3065 532 3182 allequi
544 3067 716 3180 poterit:
744 3069 901 3158 Naturae
915 3069 1213 3158 neceffariornut
1236 3073 1417 3184 proximb

177 3185 519 3287 accedunteaquae
532 3179 583 3260 ab
606 3178 797 3280 examine,
810 3181 850 3262 8(
864 3179 1144 3268 deliberatione
1154 3202 1280 3278 cauta,
1291 3179 1341 3260 ab
1350 3207 1419 3264 ex·

180 3291 383 3406 perientia,
395 3296 437 3376 8(
449 3309 701 3397 expertorum·
714 3317 816 3374 vero
834 3289 1084 3376 Testimonio
1103 3287 1419 3402 proficiscuntur,

180 3405 306 3508 qualia
321 3403 407 3488 sunt
422 3400 545 3510 Leges
560 3396 709 3482 Civiles
724 3399 913 3502 &Casus,
938 3397 1073 3486 seuret
1085 3401 1260 3508 judieatae
1275 3399 1420 3486 inloto

182 3513 319 3598 Civili.
348 3505 793 3618 Naturaeitaqshnmanae
808 3509 1012 3622 propenfio
1028 3537 1078 3593 ex
1091 3511 1146 3594 bis
1160 3512 1288 3626 potius
1301 3509 1420 3624 qubm

184 3647 236 3710 ex
248 3623 459 3706 temerariis
481 3621 681 3704 hominum
705 3619 844 3701 aeribus
863 3619 1081 3708 aestimanda
1102 3621 1170 3710 est.
1208 3627 1312 3708 Nam
1336 3621 1424 3706 De·

183 3733 376 3832 liberatio,
398 3732 669 3842 Experientia,
693 3728 883 3840 reliquiqt
902 3733 1031 3814 omnia
1055 3735 1140 3820 veti
1165 3725 1422 3843 cognoscenti

184 3846 404 3950 adjumenta
415 3837 571 3954 propius
581 3835 731 3952 semper
749 3867 819 3922 nos
834 3839 1035 3925 deducunt
1047 3844 1096 3927 ad
1118 3871 1207 3930 eum
1219 3847 1339 3954 animi
1349 3844 1425 3927 sta·

185 3983 281 4054 tum,
303 3979 384 4064 quo
403 3975 564 4061 propter
576 3945 902 4034 influxumrerum
924 3951 964 4036 in
981 3949 1192 4065 iplitmnon
1207 3954 1336 4068 potest
1354 3953 1424 4054 ali·

187 4059 397 4149 tersenrire
417 4063 532 4173 quim
553 4061 683 4164 sentit,
734 4059 812 4146 uod
835 4057 879 4150 fit
902 4059 988 4146 clam
1007 4063 1152 4172 judicat
1175 4089 1228 4148 ex
1249 4065 1422 4150 sensuum

189 4173 393 4279 evidentia,
408 4177 471 4262 vel
486 4173 685 4286 perspicua
704 4089 1055 4366 iemffiistratione:
1086 4181 1217 4285 Atque
1229 4171 1330 4256 adeb
1342 4169 1427 4282 qub

180 4335 187 4344 -
861 4299 884 4362 a
1265 4345 1268 4352 .
1309 4282 1430 4394 magis
