3384 4578
76 165 132 188 ΜΔ
274 201 300 268 '1
317 179 382 283 td
631 165 696 277 De
720 155 1149 306 Nata'rallu'ntana,
1179 181 1233 280 (μ

271 333 496 448 animalibus
511 349 628 436 etiam
637 343 777 452 insciis,
792 355 834 438 81
845 346 1052 542 ouandoqa
1064 349 1378 462 repugnantibus,
1392 367 1524 474 quoqa

273 471 337 558 uti
363 467 498 579 paucis
521 462 733 574 innuinns‚·
749 461 799 544 ab
813 463 895 575 ipa
917 463 1094 572 corporis
1118 459 1174 547 sui
1196 462 1353 567 fabrica,
1370 474 1412 554 8(
1425 493 1522 552 tem·

257 581 388 696 ‚petie
402 577 664 692 proveniunts
690 601 770 657 non
792 575 957 656 enimes
974 569 1158 683 eoqudd
1171 577 1322 684 eligunt
1345 577 1521 688 cupirint·

278 723 358 805 que
378 681 718 793 sese-conservare,
735 679 836 768 sed'e
857 683 1022 766 naturali
1037 681 1166 765 cordis
1189 683 1328 794 systole
1346 690 1522 774 amanda·
1637 771 1640 776 ,

280 825 344 887 tur
368 797 564 908 sanguisin
577 792 916 902 vasaspermatica‚
936 790 1104 908 semeoqs
1117 791 1206 878 inde
1227 795 1448 898 secernitur,
1469 821 1523 884 at·

258 908 656 1026 =quefermentaturs
679 903 782 988 unde
797 903 913 988 etiam
936 903 1114 987 oriuntur
1130 905 1280 988 veneris
1303 903 1455 1010 stimuli,
1484 918 1525 996 81

283 1024 481 1138 appetitus
516 1015 683 1100 sobolem
714 1013 959 1124 procreandi,
987 1011 1228 1122 tuendiquer
1257 1016 1390 1102 eadem
1426 1023 1526 1104 enim

284 1133 396 1218 causa
416 1127 631 1240 appetitum
652 1147 781 1208 utrum
812 1146 1075 1232 negenerat:
1097 1121 1194 1226 stetu
1215 1151 1265 1208 ex
1293 1127 1429 1211 eadem
1451 1157 1528 1213 ma·

286 1243 382 1327 teria
399 1239 441 1320 8<
455 1235 643 1322 formatur
667 1239 801 1344 primit
830 1234 1067 1334 sanimal,&
1091 1234 1328 1345 aliquamdiu
1342 1239 1526 1338 nutritur,

287 1348 507 1464 crescitque
529 1347 567 1430 in
589 1369 704 1430 utero
727 1347 794 1428 vel
814 1371 925 1443 ovoa
948 1343 1051 1429 oded
1075 1365 1203 1428 tamma
1223 1343 1343 1428 insciis
1366 1349 1530 1458 parenti·

267 1462 362 1546 ‘bus
386 1455 599 1567 haredum,
622 1479 666 1540 ut
688 1453 782 1540 licet
809 1478 970 1564 operam
988 1449 1090 1538 suam
1112 1452 1341 1559 ministrent,
1364 1459 1530 1542 nesciant

273 1595 419 1656 tamen
442 1593 652 1678 antequam
673 1568 716 1648 in
738 1567 866 1648 lucem
879 1585 992 1646 exeat
1007 1563 1178 1662 soboles,
1200 1591 1278 1646 mat
1302 1593 1351 1648 an
1374 1567 1532 1653 foemiaa

275 1700 549 1792 ¹procreetuta
576 1705 661 1778 ore,
675 1671 931 1773 anumbilico,
950 1699 1001 1754 an
1010 1693 1142 1784 utroqa
1154 1673 1426 1761 nutrimentum
1440 1679 1534 1762 hau·

293 1791 395 1872 riat:
422 1787 539 1872 immo
569 1814 619 1868 an
634 1782 796 1871 omnind
820 1777 1006 1881 vescatur,
1029 1790 1100 1866 aut
1125 1787 1242 1868 etiam
1263 1784 1378 1869 vivat
1399 1815 1534 1896 necne.

280 1900 356 1982 Ex
369 1897 425 1982 his
445 1923 576 1981 autem
598 1899 721 2008 liquet
741 1899 783 1978 in
804 1885 1077 1976 efformatione
1094 1915 1164 1976 aut
1186 1893 1396 1978 nutritione
1415 1895 1536 1982 toetln

281 2007 467 2094 xnondum
486 2008 526 2090 in
539 2011 666 2090 lucent
686 2002 793 2104 editi,
804 2005 981 2088 animalia
990 2027 1069 2086 non
1081 1999 1198 2113 dirigi
1222 2001 1329 2088 asur
1344 2011 1538 2116 cognitio·

281 2149 348 2207 ·ne
368 2117 548 2204 effectum
573 2115 636 2198 seu
657 2111 772 2197 finem
797 2115 1084 2226 prospicienter
1106 2112 1231 2198 mutto
1253 2113 1352 2198 verd
1368 2116 1537 2202 miniari

198 2311 200 2317 ,
284 2227 500 2340 prospectu
523 2226 828 2310 conservationis
850 2219 1021 2305 vitaesuae
1044 2224 1539 2331 hoctuodoprocuraadaes

285 2338 368 2421 *illa
380 2341 485 2420 enim
497 2328 813 2445 propagationes
833 2332 931 2414 eciei
970 2331 1069 2416 oritis
1093 2329 1368 2418 tabefauanr:
1407 2338 1474 2422 sed
1498 2339 1541 2420 &

300 2447 404 2532 aaut
427 2446 497 2532 hos
511 2443 587 2529 fine
610 2437 767 2528 confilio
780 2361 832 2524 ad
845 2441 919 2552 illis
932 2359 1031 2542 lieri,
1046 2445 1087 2528 8<
1111 2441 1387 2552 propensrones
1401 2445 1456 2540 'ad
1472 2447 1556 2530 hos-

286 2560 407 2642 adtus
429 2554 552 2640 meritis
572 2551 692 2660 magis
715 2549 792 2638 elie
808 2550 1055 2636 netellariasr
1083 2549 1224 2636 scilieet
1245 2553 1286 2635 in
1315 2556 1373 2638 hia
1395 2555 1542 2642 aumas

183 2721 187 2728 -
300 2665 480 2750 animalia
499 2667 611 2774 plane
631 2661 718 2748 'sunt
741 2660 869 2746 samita
891 2661 1183 2772 vegetabilibus,
1210 2686 1294 2774 quae
1310 2663 1413 2750 ¹licet
1436 2663 1543 2752 sensu

306 2797 477 2876 careant,
497 2771 649 2886 omniq3
671 2772 756 2856 linis
770 2770 981 2882 prospetlu,
999 2799 1079 2859 nnn
1094 2792 1223 2856 umen
1236 2770 1307 2886 fibi
1322 2775 1546 2861 solisnutri·

300 2905 476 2971 mentum
497 2881 690 2985 hauriunt,
717 2880 778 2965 sed
801 2884 844 2964 dr
869 2878 993 2964 lemen
1018 2880 1217 2992 proferunt
1243 2881 1327 2968 ias
1348 2891 1449 2972 eciei
1473 2886 1545 2972 suae

298 2995 660 3108 propagationem:
687 3011 807 3103 atque
824 2991 927 3076 oded
950 2987 1011 3076 uti
1033 2994 1184 3077 inovis
1205 3001 1298 3102 &p
1338 2997 1366 3080 li
1406 3022 1548 3107 oorptu

303 3105 543 3214 continetur,
567 3107 611 3187 8<
630 3104 852 3187 alimentum
882 3101 1174 3214 idoneumque
1202 3109 1394 3190 nutriatur
1423 3109 1549 3192 donec

295 3239 479 3300 vmaturus
497 3211 629 3299 satisve
649 3213 820 3297 strenuus
842 3213 982 3297 evadat
996 3235 1037 3294 nt
1050 3211 1214 3300 aliunde
1224 3211 1290 3297 fibi
1298 3215 1433 3298 eibum
1441 3243 1550 3328 quae·

307 3349 388 3426 rat,
401 3328 725 3436 concoqualtquea
743 3327 809 3406 ita
822 3327 939 3405 etiam
951 3327 993 3407 in
1006 3319 1203 3407 seminibus
1217 3349 1353 3434 praeter
1366 3334 1550 3438 exigtarm

303 3457 469 3546 ‘germen
488 3434 628 3562 (quod
642 3432 774 3518 suturae
795 3433 931 3544 plantae
952 3431 1010 3516 est
1032 3435 1310 3545 rudimentum)
1331 3443 1553 3522 continetur

299 3548 431 3628 ¹etiarn
444 3565 809 3654 materiarumque
826 3540 1030 3653 postquam
1054 3541 1346 3648 humedataest,
1371 3549 1554 3634 &calore

304 3654 463 3740 'idoneo
481 3651 883 3738 inlernrentationem'
895 3651 1085 3764 quandam
1109 3662 1321 3764 concitata,
1343 3662 1385 3742 in
1405 3679 1554 3740 teneras

315 3764 492 3872 germinis
510 3763 655 3847 radices
676 3763 751 3848 sese
766 3762 941 3863 inlinuat,
963 3765 1005 3846 δι
1027 3765 1120 3847 illud
1134 3771 1267 3869 nutrit,
1290 3767 1419 3852 donec
1429 3791 1555 3854 tantas

305 3878 417 3956 vires
439 3873 752 3982 acquifiverit,·ut
767 3921 769 3926 ·
782 3877 925 3959 eterra
940 3873 1066 3957 vicina
1080 3875 1297 3960 alimentum
1312 3879 1425 3987 polltt
1447 3873 1554 3961 desu-

317 4011 436 4067 mere.
481 3981 621 4066 Postea
643 3981 846 4067 veracem
870 3987 910 4066 in
930 3983 1054 4067 lucent
1079 3985 1209 4095 prodit
1232 3989 1361 4088 soetus,
1381 3991 1555 4072 animalia

309 4097 396 4201 jam
420 4093 620 4182 sentientia
631 4093 769 4177 animal
797 4091 865 4182 fibi
881 4093 996 4178 limile
1024 4097 1094 4181 suo
1116 4105 1138 4182 ὲ
1168 4098 1365 4209 sanguine,
1387 4097 1554 4213 ipsorum

1438 4207 1559 4318 operi
