3384 4578
661 189 773 290 retii
830 187 1028 291 Ratione.
1387 221 1450 332 79

200 361 381 448 ercendas
409 383 514 478 apta,
542 380 602 444 tot
627 363 775 460 majora
799 359 887 442 sunt
908 358 1061 467 praemia
1094 350 1277 454 ejusmodi
1302 356 1448 444 astibus

200 475 345 574 animae,
371 475 436 558 seu
456 494 566 560 tanto
579 475 724 582 major,
742 468 903 581 magisq3
925 465 1085 578 propria
1099 461 1245 546 homini
1267 463 1448 554 faelicitao

198 583 403 670 secundirm
417 585 599 668 virtutem
611 574 1195 694 agendoobtineaturabeantur
1208 573 1308 659 enim
1323 577 1445 690 fingu-

196 696 241 778 lae
253 697 337 799 ejus
350 695 705 789 facultatesattjbus
719 697 762 777 iis
786 686 1126 805 publiceutilibus,
1154 681 1202 766 ad
1225 711 1321 798 quos
1340 691 1444 773 elici·

198 807 322 890 endos
338 807 360 890 b
378 829 515 888 natura
530 803 572 888 fit
586 805 758 890 idoneus.
796 801 1058 886 Ostendemus
1069 799 1171 880 enim
1185 796 1352 904 posthaec
1366 801 1449 885 scc-

152 913 376 1000 ·-dicitatem
397 915 602 1000 exauibus
617 913 791 1000 humanis
832 911 867 995 ui
882 914 902 996 a
919 933 1055 992 natura
1079 911 1263 994 oriuntur
1276 909 1453 994 necessa-

131 1088 135 1096 ,
194 1025 258 1108 rib
291 1022 488 1128 fluentem,
512 1021 748 1111 clariffimum
787 943 864 1106 ebe
897 1019 1076 1104 indicium
1106 1019 1294 1121 naturale,
1326 1020 1441 1106 Velle

194 1133 356 1220 Causam
379 1139 554 1249 primam,
583 1135 753 1220 homines
776 1131 825 1216 ad
852 1133 946 1214 tales
961 1130 1061 1214 abus
1084 1125 1276 1238 obligare,
1294 1129 1449 1218 seueoe·

193 1242 302 1356 Lege
316 1245 376 1330 sua
397 1249 598 1354 imperare.
645 1247 771 1356 Selegi
789 1265 919 1327 autem
939 1263 1121 1354 tanquam
1139 1238 1273 1326 nostro
1288 1239 1440 1330 institu-

189 1374 236 1436 to
257 1353 555 1441 commodiisrma
593 1353 665 1464 (r)
691 1379 838 1442 certam
871 1351 1078 1435 Rationem
1097 1350 1179 1456 ejus
1206 1353 1455 1466 mensuram·

190 1457 263 1572 (a)
282 1467 616 1578 Apprehenfiones
641 1462 924 1578 afinguiatibus
946 1462 1148 1546 absttadtas
1170 1491 1252 1570 aug.
1278 1463 1437 1568 Naturae
1556 1541 1563 1552 ,

179 1573 386 1680 Humanae,
400 1577 544 1684 judicia
558 1577 608 1662 de
621 1577 819 1662 attributis
836 1569 1059 1676 hujusmodi·
1072 1571 1449 1682 apprehensronibue·.

141 1731 145 1736 -
187 1689 524 1798 convenientibus,
536 1711 602 1774 aut
612 1681 1262 1793 disconvenientibus‚&appetitus
1276 1685 1444 1772 univer·

68 1853 76 1862 -
186 1789 291 1898 sales,
305 1795 368 1881 seu
392 1797 614 1883 indefinitus
635 1795 849 1904 hujusmodi
872 1793 1227 1902 judiciiscongruos
1243 1795 1284 1875 8(
1298 1797 1434 1878 conse·

184 1929 358 2013 quentes.
399 1911 486 1991 Huc
507 1914 630 1992 etiam·
651 1905 850 1990 referenda
872 1901 928 1983 est
947 1909 1005 1986 v'u
1043 1901 1300 1984 constituendi
1318 1903 1445 2010 Signar

182 2013 413 2115 Arbitraria,
437 2039 480 2098 ut
501 2015 628 2116 sonos,
657 2013 849 2118 &scripta
871 2007 1146 2093 universalibus
1169 2010 1433 2118 conceptibus,

180 2122 357 2232 judiciis,
381 2129 423 2210 ὃ(
439 2118 961 2210 volition'rbusaccommoda.
991 2117 1236 2202 Sermocnim
1251 2121 1443 2231 quoniam

179 2233 404 2318 memoriam
434 2261 562 2319 rerum
585 2238 714 2345 Juvat,
741 2255 859 2344 atque
878 2231 1104 2329 Rationem,
1132 2231 1272 2314 rimati
1297 2229 1446 2340 peribo.

179 2343 297 2452 quim
321 2343 436 2444 vitio,
461 2341 658 2444 Societati,
684 2343 803 2456 magis
828 2341 943 2451 quam
972 2340 1236 2424 seditionibus
1259 2337 1440 2426 inservit..

178 2453 409 2539 Hincetiam
422 2451 507 2540 fluit
529 2454 586 2538 ric
607 2453 799 2538 condendi
827 2453 975 2561 regulas
990 2454 1097 2551 vitae,
1115 2449 1343 2534 seuastuum
1361 2475 1429 2561 ge·

178 2566 342 2674 uenies,
364 2589 415 2647 ex
438 2563 663 2649 notionibus
683 2562 882 2649 adiuum'm
904 2560 1080 2670 generali
1101 2561 1234 2644 naturd
1253 2557 1314 2644 sua
1341 2587 1441 2643 cum-2

177 2677 344 2756 notione
367 2675 536 2759 humanae
562 2697 705 2758 naturae
731 2669 1051 2758 convenientibus
1065 2697 1082 2750 t.
1106 2668 1325 2777 hujusmodi
1363 2695 1430 2756 au·

176 2778 1443 2888 tem'judiciafaciliirsinMemoriamrecurrunt‚firerbiainhtmc

176 2887 293 2974 finem
319 2895 614 2980 accommodatio
638 2897 920 3004 exprimantur,
944 2898 985 2978 8(
1010 2889 1036 2972 fi
1064 2890 1279 2999 huiusmodi
1304 2893 1436 2975 verba·
1503 2901 1509 2925 '

175 3001 407 3087 notionibus
427 3005 766 3088 accommodentur
781 3003 948 3130 plurium
961 3003 1173 3100 hominum,
1198 3007 1435 3086 &commu--

175 3113 217 3194 rr'r
229 3139 364 3196 eorum
379 3113 694 3198 consensuadeas
706 3109 963 3224 srgnrficandao
976 3112 1242 3196 adhibeantur.
1273 3111 1441 3193 Exinde·

176 3219 263 3303 sunt
278 3223 441 3334 Regula
453 3223 624 3332 plurimis
633 3245 869 3325 communes,
885 3223 952 3306 seu
966 3219 1436 3334 Legeepublicaemutemu

176 3329 289 3414 status
303 3359 436 3417 rerum
454 3333 679 3444 postulabit,
697 3337 828 3444 rogari
854 3331 1024 3444 poffuut,
1048 3335 1111 3414 vei
1138 3329 1334 3439 abrogari,
1358 3353 1438 3412 aut:
1477 3397 1480 3405 r

175 3437 312 3524 iisdem
337 3442 483 3554 aliquid
507 3442 717 3552 derogari:
746 3433 1432 3554 quemadmodumredibpraescribat:

176 3551 353 3638 Medicus
375 3551 510 3638 eidem
532 3553 687 3663 corpori
723 3555 845 3639 variis-
863 3553 1102 3663 temporibus
1135 3551 1286 3635 diaetam
1320 3579 1439 3637 nunc·

176 3679 347 3763 tenuem,
369 3691 470 3748 nunc
492 3661 760 3774 copiosiorem,
771 3665 1053 3748 medicamenta
1065 3693 1167 3748 nunc
1191 3665 1437 3775 analepticffi.

175 3797 279 3852 nunc
303 3797 427 3857 autem
451 3777 682 3857 evacuantia
698 3803 716 3856 ε·
754 3773 826 3884 (3)
843 3775 1292 3882 cognitionemnumeri,
1314 3803 1422 3860 men»

177 3883 286 3983 surae,
308 3883 602 3996 ponderumque
625 3885 667 3967 bt
682 3885 770 3966 huic
790 3883 967 3968 inclusam
991 3889 1071 3968 vim
1095 3884 1276 3995 plura(o.
1287 3917 1326 3993 g.
1351 3887 1436 3964 mi··

177 4015 276 4073 nora
288 3991 416 4103 bona)
437 3993 666 4078 iasummam
679 3993 900 4105 colligendi,
915 3995 1128 4109 eademque
1149 3993 1298 4082 interse
1314 4015 1433 4070 com-a

176 4103 352 4210 parandi,
365 4102 565 4192 secundum
579 4101 891 4198 differentiam&
906 4107 1135 4196 Rationem.
1174 4103 1277 4292 Hirpc
1301 4099 1438 4178 homo.

332 4241 336 4248 ’
1256 4230 1437 4290 nmmumr
