3400 4566
191 319 231 330 ..
290 187 357 295 De
370 155 482 328 lege
500 147 872 328 Nature-sitisque
886 155 1155 336 obligatum.
1295 169 1391 334 '239
1482 307 1484 312 ,

148 373 376 466 Communis
403 377 573 460 omnium
601 373 862 456 rationalium.
904 379 955 460 Et
979 377 1070 459 dum
1098 381 1194 464 Deo
1216 379 1391 472 Homini,

2 479 3 508 i
151 487 298 598 brisque
311 509 418 596 grata
432 484 559 570 facere
572 479 875 592 studes,propter
886 484 1183 594 dependentiatu
1198 491 1392 580 hominum

155 601 303 696 ὲῦεο,
326 601 366 680 8(
382 595 431 676 ab
450 623 529 704 ope
542 615 690 694 mutua,
717 593 850 676 senties
867 620 907 677 te
927 603 1109 679 virtutem
1135 627 1287 684 omutm
1300 601 1392 688 hatt-

154 715 234 794 rire
259 707 471 792 *elontibus
504 702 693 809 essentiae,
719 702 1041 806 conservationis,
1070 706 1394 822 perfessionisqu'e

2 873 3 878 a
152 841 296 904 naturae
319 816 501 912 humanae,
511 818 577 922 qui
592 835 784 922 nunquam
796 813 989 898 exhauriri
1005 813 1170 922 possunt.
1200 817 1394 934 (2)Con·

150 927 331 1012 formicas
352 925 509 1010 Naturae
524 919 654 1004 nostrae
668 949 753 1006 curn
772 923 932 1024 Divina,
962 923 1164 1010 consistens
1178 933 1219 1012 in
1235 934 1393 1013 inritati·

147 1067 231 1122 one
254 1035 502 1144 Benignitatis
536 1033 701 1134 Divtnae,
723 1043 809 1144 qu'ae
844 1037 883 1116 in
913 1036 1162 1122 Providentia
1186 1041 1269 1142 ejus
1293 1044 1394 1127 circa

2 1239 4 1260 ‚
149 1147 355 1232 universos
375 1143 574 1252 conspicua
590 1141 657 1226 eli.
713 1141 783 1252 (3)
806 1143 1034 1230 Dominiunt
1056 1149 1237 1234 Rationis
1256 1173 1329 1234 tuae
1352 1154 1394 1234 in

2 1321 3 1336 t
154 1254 311 1366 affes’tus
335 1281 477 1356 omnes,
499 1251 704 1378 mortisque
729 1283 949 1362 corporeos.
993 1257 1147 1340 Scilicet
1171 1259 1257 1346 hinc
1286 1283 1394 1368 patet
1445 1295 1448 1302 ·

153 1365 271 1479 ipsam
292 1367 479 1448 Pietatem
491 1390 536 1444 ac
552 1360 737 1470 Justniam
752 1361 856 1470 (quae
869 1365 910 1448 in
922 1363 1042 1452 ruodo
1053 1368 1157 1454 diuis
1168 1369 1393 1475 confistunt)

154 1475 360 1584 turrimque
392 1476 652 1570 incrementa,
681 1501 726 1554 ac
750 1469 908 1559 effertus
940 1474 1189 1582 immediatos,
1238 1478 1397 1565 audium

151 1615 295 1694 nempe
318 1588 365 1668 8(
384 1583 711 1690 tranquillitatem,
731 1607 781 1662 ex
802 1609 939 1667 eorum
960 1583 1061 1669 sensu
1087 1507 1289 1672 oriunrium
1313 1589 1394 1674 esse

155 1698 378 1810 praecipuam
392 1718 537 1804 partem
554 1693 696 1802 praentii
711 1692 875 1776 virtutis.
906 1693 965 1776 Etr
979 1693 1035 1778 his
1048 1718 1174 1780 autern
1190 1700 1392 1784 conciliari

153 1806 284 1920 potest
306 1805 487 1889 sententia
513 1805 744 1904 Stoicorum,
768 1801 1008 1913 aliortintque
1026 1806 1093 1918 qui
1113 1811 1298 1902 virtutem
1323 1837 1392 1916 ap·

156 1919 239 2026 peti
255 1917 391 1999 volunt
415 1935 580 2024 propter
596 1918 648 1994 se.
687 1912 773 2100 Epo
797 1913 896 1996 enim
914 1913 1012 1997 hanc
1026 1911 1243 2002 mercedem
1258 1917 1392 2001 intime

154 2029 211 2114 illi
242 2023 488 2130 conjunctam
511 2017 587 2102 else
615 2049 714 2130 agno
727 2049 796 2128 co,
817 2044 862 2106 ut
885 2025 995 2108 nullis
1023 2022 1239 2110 infortuniis
1268 2029 1317 2110 ab
1346 2053 1393 2108 ea

151 2137 320 2246 separari
344 2129 469 2241 polilt.
511 2127 656 2218 Veritm
678 2133 768 2242 quis
789 2129 986 2244 separatim
1007 2131 1135 2220 saltetn
1160 2132 1392 2222 confiderari

149 2243 284 2364 potest
307 2243 383 2324 hoc
402 2239 605 2352 peantium,
634 2247 674 2326 8<
695 2243 829 2324 virtuti
856 2243 1056 2434 proprium
1077 2243 1148 2348 est,
1171 2245 1395 2354 &praesciri

152 2358 264 2440 velut
288 2353 499 2465 premium,
524 2347 639 2434 visum
666 2350 722 2434 est
751 2351 997 2450 necesarium
1024 2353 1118 2440 illud
1152 2355 1394 2456 considerare

147 2465 225 2558 sub
243 2463 404 2549 notione
433 2461 630 2544 {anulonis
654 2485 808 2546 annexae
824 2460 1010 2546 dislamini
1024 2461 1394 2574 pracsicodeprose·

153 2574 309 2663 cutione
325 2575 420 2656 Boni
442 2570 666 2654 Communis
690 2570 786 2677 (seu
806 2569 859 2652 de
878 2573 1082 2680 'omnigena
1102 2577 1248 2656 virtute
1263 2575 1394 2656 colena

154 2683 237 2794 da)
260 2711 380 2792 atque
403 2682 473 2766 nte
488 2681 675 2789 peculiari
692 2681 785 2766 noti
810 2679 884 2764 hoc
895 2680 1085 2766 distamen
1102 2682 1151 2766 ab
1170 2682 1256 2768 aliis
1268 2681 1393 2766 omni·
1482 2689 1485 2694 ’

151 2793 226 2880 bus
242 2792 414 2905 practicis
438 2817 519 2902 quat
533 2791 685 2900 quidetn
703 2819 794 2874 vera
820 2787 918 2893 suut,
940 2788 1004 2876 sed
1030 2791 1312 2904 ifingulisnon
1325 2821 1392 2878 ne·

154 2902 319 2992 cellano
348 2901 611 3000 observanda,
636 2899 888 3010 distinguitur.
945 2899 1057 2986 Talia
1082 2905 1170 2988 sunt
1190 2905 1393 2989 dictamina
1506 2931 1511 2938 ·

154 3018 254 3098 circa
278 3010 803 3117 solutionem'probletuatunt
830 3011 870 3094 in
890 3009 1197 3096 Arithmetica&
1220 3016 1394 3102 Geome-

148 3126 245 3227 ‘.ttia,
258 3149 344 3230 qua
370 3151 446 3206 non
469 3119 548 3202 sunt
564 3121 685 3228 Leges
700 3117 931 3206 universales
947 3123 1039 3230 quia
1052 3121 1242 3216 sanctione
1260 3146 1394 3208 carent

155 3232 386 3338 hujusmodi.
432 3233 514 3314 Lex
529 3233 631 3312 enirn
657 3227 710 3312 est
734 3231 1200 3340 distameuptaslicumde
1219 3231 1393 3340 prosecu-

156 3349 315 3428 cutione
337 3341 438 3424 Boni
459 3337 619 3450 publici,
646 3339 834 3426 san&ione
857 3338 880 3424 ὲ
903 3341 1062 3450 praemiis
1084 3341 1255 3454 poenisve
1273 3343 1395 3447 muni·

158 3477 255 3536 turn.

210 3559 390 3668 Denique
409 3556 590 3643 observet
604 3554 743 3642 Lettor
754 3586 816 3642 tne
829 3584 907 3642 non
933 3559 1124 3671 explicare
1148 3555 1395 3652 omnesobli·
1515 3623 1518 3629 ,

145 3672 327 3782 gationes
351 3675 493 3778 Legunt
520 3695 589 3776 pet
612 3667 818 3776 respectum
844 3667 891 3752 ad
924 3668 1151 3758 sansiionertt
1176 3666 1394 3776 hujusmodi

152 3783 294 3890 (alium
307 3777 491 3888 affigunt
507 3775 750 3878 efficientem,
775 3777 888 3874 alium
910 3775 1024 3864 fiuent
1044 3782 1162 3892 longe
1183 3777 1395 3886 majorem)

154 3889 218 3978 sed
241 3889 387 3974 tantiam
414 3913 558 3998 partem
576 3887 673 3970 illarn
695 3885 932 3972 definitionis
946 3889 1028 3994 ejus
1047 3919 1134 4000 quae
1155 3889 1309 4005 respicit
1328 3918 1397 3972 ne·

153 3997 361 4084 ccffitarem
385 4001 482 4082 illarn
496 4025 581 4107 quae
596 3995 756 4104 fingulos
779 3997 955 4104 protritus
978 4001 1154 4106 attingit:
1182 4001 1285 4088 unde
1305 3993 1396 4080 atti·

138 4113 297 4225 tonsas
335 4109 505 4219 Legibus
531 4113 724 4221 imperatae
757 4107 936 4300 dilctpntur
961 4095 1185 4197 neseisariae.
1225 4102 1395 4230 lutelligi

868 4238 890 4296 2
1264 4231 1399 4319 nequrt
