3410 4574
289 181 379 282 162
642 166 708 271 De
733 169 849 270 Bono
876 162 1110 272 Naturali.

282 373 363 438 ram
380 339 592 458 quamlibet
612 370 651 424 v.
658 371 699 452 g.
726 340 844 442 bruti,
856 359 923 422 aut
936 337 1085 422 arboris
1098 335 1261 450 respicit,
1271 337 1417 452 quippe
1427 369 1529 454 quo-

283 485 369 548 rum
392 455 494 538 vires
508 452 648 536 servasi
669 450 824 560 poss'unt
846 453 888 533 8<
916 450 1063 559 augeri.
1110 449 1159 532 Et
1186 471 1369 560 praterea
1398 451 1528 559 hujus·

283 567 389 654 modi
404 566 520 664 entia,
540 562 662 673 ipsiqa
677 561 802 644 Terra
816 557 998 642 inservire
1014 556 1167 668 possunt
1180 563 1228 643 ad
1242 559 1322 643 suas
1335 563 1399 644 vel
1409 567 1527 646 etiam
1701 569 1703 650 ζ

283 677 431 761 nostras
443 696 595 758 naturas
609 669 901 770 conservandas,
921 691 985 752 aut
997 669 1189 756 uberiore
1200 675 1429 779 cognitione
1441 704 1528 784 per·

282 786 476 870 ficiendas.
518 783 921 893 Distinguiturautem
946 804 987 862 ut
1011 782 1206 892 quoddam
1220 779 1333 866 latius
1350 785 1527 894 patensit

282 898 396 982 Bono
410 895 521 1006 quod
545 893 685 976 dicitur
717 892 882 990 Morale,
898 893 1007 1000 quod
1025 891 1233 976 titionibus
1247 891 1393 976 tantism
1407 903 1449 980 &
1462 895 1528 976 ha·

282 1008 425 1092 biribus
454 1005 595 1086 entium
608 1002 873 1087 Rationalium
894 1001 1186 1100 attribuitur,&
1199 1003 1418 1087 immediate
1434 1033 1527 1089 con·

283 1139 395 1200 notat
415 1115 727 1199 convenientiam
742 1114 932 1198 auianum
945 1141 984 1194 v.
993 1145 1034 1220 g.
1061 1137 1147 1194 cum
1160 1112 1343 1220 Legibus,
1355 1111 1431 1196 five
1443 1119 1528 1198 Na·

282 1251 390 1326 turae,
403 1223 480 1306 five
492 1224 871 1331 Civitatisalicujusa
898 1222 1035 1308 ulrimd
1048 1247 1174 1306 autem
1188 1225 1394 1307 resolvitur
1408 1225 1446 1308 in
1462 1255 1527 1308 na·

273 1341 408 1420 ‘rurale
434 1337 580 1418 Bonum
606 1333 819 1445 pubiicum,
864 1333 913 1417 sd
937 1335 1046 1438 cujus
1069 1333 1407 1419 conservationem
1441 1365 1528 1446 per·

281 1445 567 1556 sessionemque
581 1445 899 1545 omnesNaturae,
910 1447 950 1527 8(
966 1443 1195 1544 civitatum,
1208 1473 1292 1556 quae
1307 1443 1414 1548 justae
1425 1445 1526 1550 suns,

281 1557 406 1666 Leges
427 1557 540 1640 unice
554 1585 623 1640 nos
633 1555 810 1664 dirigunt.
870 1553 1526 1662 VerismdeMoralipostealatisist

282 1691 387 1750 nunc
398 1669 439 1748 in
449 1667 642 1750 Naturale
656 1665 934 1777 aliquantisper
947 1667 1117 1746 animum
1130 1665 1392 1750 intendamus.
1416 1667 1526 1754 Post·

280 1803 398 1890 quam
411 1775 649 1862 manifestum
662 1773 868 1860 eii-fadum
881 1775 1433 1876 Bonincsionm,&Nomen
1447 1807 1527 1865 non

280 1889 331 1972 ad
362 1913 484 1972 unum
507 1888 766 1973 determinare
792 1888 900 1970 illum
935 1887 1004 1999 qui
1039 1885 1090 1967 de
1122 1916 1174 1971 eo
1197 1887 1445 1994 cogitanam
1464 1893 1524 1976 lo·

281 1998 509 2111 quitur‚sed
560 1998 676 2082 ariter
691 1995 1012 2106 referripoffead
1034 1995 1200 2108 singulos
1214 1999 1309 2081 aiios
1331 1998 1523 2102 homines,

279 2109 403 2194 immd
429 2116 470 2195 &
495 2029 637 2192 adalia
665 2109 903 2298 omniaque
932 2107 1015 2191 viri
1040 2113 1188 2218 pariter
1213 2105 1419 2223 fruuntur,
1442 2113 1526 2222 (ne

278 2221 376 2413 quid
400 2221 556 2326 insuper
578 2219 705 2300 dicam
730 2217 780 2299 de
1024 2220 1032 2236 '
1074 2217 1083 2234 '

843 2217 883 2299 iis
908 2238 1051 2302 nasuru
1072 2216 1298 2322 ananimaris,
1318 2247 1407 2330 quae
1429 2251 1524 2308 con·

295 2332 522 2428 errationis,
542 2347 612 2412 ant
634 2328 883 2434 perfeetionis
906 2327 1156 2410 ulteriorisin
1179 2329 1330 2439 ordine,
1363 2329 1526 2418 muttire

279 2437 447 2552 partium
479 2437 713 2525 confitentis
737 2436 822 2523 sunt
846 2433 1040 2548 capaces)
1068 2435 1372 2524 descendendum
1395 2441 1524 2526 estad
1614 2469 1619 2484 ·
1702 2447 1703 2532 i

279 2547 625 2637 considerationem
639 2571 935 2680 aggregatorum
944 2576 1029 2661 quae
1040 2575 1089 2631 ex
1102 2549 1293 2660 pluribus,
1305 2553 1426 2636 immi>
1440 2583 1522 2638 om·

279 2659 390 2742 nibus
402 2661 573 2768 ejusdem
598 2660 749 2772 species,
771 2659 1000 2748 animalibus
1018 2656 1133 2748 fiantt
1165 2659 1270 2746 addo
1283 2663 1399 2746 etiam
1419 2668 1461 2750 dt
1475 2690 1525 2748 ex
1702 2705 1703 2728 r

120 2863 123 2868 ¹
278 2769 459 2854 omnibus
486 2769 862 2870 rationeutentibus,
888 2769 1249 2881 quomodocunque
1267 2769 1465 2876 differant,
1478 2795 1523 2860 ut
1701 2759 1703 2826 i

278 2892 409 2977 Homo,
427 2885 471 2965 8(
491 2893 604 2962 Dans.
660 2877 761 2962 Nam
782 2879 1104 2992 quemadmodum
1117 2907 1225 2964 mens
1243 2887 1405 2970 notione
1418 2885 1523 2970 inde·

277 2988 385 3074 finiet
405 2987 556 3101 fingulis
580 2994 835 3076 communiter
852 2991 1071 3101 applicabili
1087 3019 1133 3072 ea
1147 2990 1374 3096 confideret,
1398 2995 1526 3108 potest

101 3103 109 3112 “
278 3099 393 3187 etiam
418 3099 560 3214 fingssla
584 3129 669 3216 quae
691 3103 806 3202 ¹¹⁰vit
832 3101 1037 3187 indiV5d¹¹³
1062 3099 1167 3185 Μ
1194 3105 1467 3217 memphfi'
1482 3115 1523 3194 ἃ

278 3213 374 3298 noti
400 3209 462 3322 (n.
470 3245 508 3324 g.
532 3212 677 3344 omnis)
700 3209 753 3294 ad
775 3211 915 3324 fingula
938 3211 1125 3324 sigillatim
1146 3239 1188 3298 ut
1200 3239 1248 3300 ut
1266 3243 1347 3300 non
1367 3223 1524 3327 cognita
1571 3265 1575 3276 ·

142 3425 151 3441 ,
260 3321 318 3405 xie
344 3325 584 3410 extendente
604 3319 672 3406 fibr
692 3327 979 3432 repraesentare,
1001 3325 1070 3408 seu
1096 3347 1220 3410 totum
1244 3324 1353 3438 quod
1376 3327 1524 3412 dicitur

1 4229 2 4238 q
275 4089 521 4206 impensae,
547 4098 748 4210 quodnam-
770 4099 911 4212 majus,
922 4121 987 4186 as
1010 4101 1133 4190 niso
1143 4097 1272 4192 tuens.
1327 4101 1522 4190 uacuus

277 3436 466 3544 integrale
487 3433 654 3545 singulos
675 3432 931 3542 complodens
953 3461 1206 3546 componere,
1229 3464 1273 3518 ac
1286 3437 1524 3524 velutunum

277 3571 420 3676 corpus
444 3543 575 3675 (quod
599 3544 740 3674 postea·
750 3544 951 3654 politicum
960 3545 1153 3652 dicemus)
1174 3545 1264 3630 illud
1282 3543 1304 3627 s
1323 3549 1464 3677 edisce,
1477 3569 1522 3634 ut

275 3653 1522 3880 tttt‘sttfflsffittsss‘stttttttattatum}

276 3873 478 3958 ueletiam
498 3875 954 3979 omnitun'Rationalium
979 3878 1185 3962 dicendum
1210 3880 1296 3964 erit.
1354 3881 1405 3964 Et
1430 3879 1521 3966 *edi-

277 3981 395 4067 verfis
411 4009 495 4094 quae
521 3999 790 4098 proponantur
818 3988 1006 4095 judicare,
1029 3989 1222 4100 quodnam
1249 3987 1426 4101 poffibile
1458 4013 1522 4078 aut
