3410 4574
467 111 528 214 De
541 111 848 216 Dillnminibns
870 123 1090 252 ptailicis.
1333 131 1447 232 tlt

206 287 336 370 omnia
356 283 565 397 poffibiles.
621 289 686 390 Et,
711 317 761 372 ex
775 291 995 400 aequalitate
1019 293 1106 380 dati
1122 296 1223 380 inter
1236 295 1305 382 has
1323 303 1452 386 notio·

203 423 283 497 nes,
297 419 431 506 utpote
446 401 545 482 inter
558 399 661 481 viret
674 401 793 482 causae
806 403 846 482 8<
861 401 1102 511 adaquatum
1115 431 1242 488 earum
1257 405 1450 512 effetum,

202 507 400 590 eliciendae
416 503 495 589 sunt
519 535 654 592 omnen
669 535 821 592 morum
845 513 1003 621 regulae,
1033 514 1238 627 omnesque
1258 520 1449 604 virtutum

199 615 304 697 alius
316 615 367 698 ab
390 619 436 698 iis
450 617 638 725 imperati.
696 618 788 702 Haec
811 642 937 702 autem
962 623 1059 704 inter
1076 622 1112 705 se
1127 625 1269 736 aquari
1290 628 1449 713 manife-
1586 649 1588 654 '

154 779 162 796 .
199 721 296 808 llum
311 727 381 826 est,
404 724 549 835 quippe
571 723 655 808 finis
666 726 720 808 est
736 728 924 836 integrum
937 725 1112 814 effectum
1137 735 1447 846 producendum,

198 839 242 919 ὃ(
267 837 364 920 attus
391 833 502 920 nobis
528 831 718 943 polltbiles
744 840 930 946 integram
948 840 1194 934 ,exhauriunt
1224 845 1305 926 vim
1328 845 1445 928 effici·

127 1001 131 1008 ·
196 949 309 1029 entis.
353 949 395 1028 ln
410 972 461 1030 eo
483 968 612 1026 autem
627 945 965 1032 confistitarsvitae
979 971 1022 1032 ut
1038 950 1138 1035 adeo
1161 951 1444 1062 diligenturex·

194 1055 343 1162 pendat
358 1077 437 1136 tum
459 1057 587 1138 omnia
603 1054 703 1138 bona
719 1055 882 1163 publica,
910 1086 997 1167 quatv
1008 1059 1116 1143 nobis
1127 1057 1213 1144 sunt
1236 1059 1442 1172 possibilia,

193 1183 279 1246 tum
302 1161 463 1272 fingulos
487 1167 588 1248 allus
622 1166 787 1273 nostros,
814 1169 1028 1278 eorumque
1054 1171 1230 1252 ordinem
1265 1199 1349 1282 quo
1376 1173 1443 1256 alii

191 1275 275 1358 aliis
288 1275 487 1357 materiam
501 1301 727 1383 praeparate,
742 1295 808 1357 aut
822 1278 923 1360 vires
936 1277 1104 1382 adjicere
1118 1278 1297 1387 polluntt
1320 1304 1364 1364 ut
1377 1309 1440 1366 re·

191 1387 315 1492 pertis
334 1384 487 1465 tandem
513 1381 702 1466 facillimis
725 1384 868 1468 adibus
902 1389 975 1496 qui
999 1387 1048 1468 ad
1071 1385 1184 1470 finem
1208 1388 1439 1494 deserviant,

190 1518 326 1578 eorum
337 1522 418 1602 ope
440 1494 488 1575 ad
513 1491 744 1577 difficilores
762 1495 1054 1603 progrediamur
1078 1497 1278 1608 quousque
1302 1499 1352 1582 ad
1377 1505 1437 1586 ul·

189 1605 306 1691 timos
328 1601 552 1688 facultatum
572 1603 787 1688 nostratum
814 1605 997 1690 terminos
1018 1607 1105 1690 illos
1135 1605 1435 1696 intricaciffimos

184 1714 487 1909 pprpeqprimus.
542 1713 674 1824 Atque
690 1713 767 1798 hac
787 1715 913 1826 ptaria
927 1715 1138 1825 Analyseos
1152 1720 1268 1828 praxi
1283 1717 1338 1802 est
1353 1721 1434 1806 val·

273 1851 337 1906 amr
354 1851 398 1906 rs.

68 2011 71 2018 ’
241 1931 316 2043 (3)
342 1927 682 2034 Q‘madmfflum'
705 1927 876 2037 Analyfis
906 1928 1111 2058 ignotam,
1134 1934 1430 2040 quaerendam
1607 1933 1609 1938 ’

183 2041 313 2128 adhuc
326 2043 581 2152 quantitatem
621 2035 759 2147 rolepli
779 2037 944 2150 quidam
958 2065 1096 2124 mentts
1108 2043 1429 2153 qualitercunque

181 2153 387 2261 supponit,
409 2155 450 2236 &
478 2147 547 2232 suo
569 2065 790 2232 claruere
814 2171 936 2250 notat,
958 2171 1077 2258 atque
1088 2151 1165 2234 hoc
1179 2149 1305 2260 pofito
1320 2152 1428 2236 datan

182 2263 396 2346 relationes
420 2260 505 2365 ejus
525 2257 573 2341 ad
588 2279 700 2342 notas
719 2256 950 2369 quantitates
960 2259 1008 2342 de
1037 2259 1150 2369 ingit,
1174 2261 1195 2344 ὲ
1216 2261 1427 2373 quibusip·

180 2370 218 2454 sa
232 2369 386 2455 tandem
409 2365 635 2454 innotescite
663 2370 717 2450 ita
731 2371 849 2450 etiam
863 2291 1142 2468 Ethicalnem,
1167 2369 1228 2454 seu
1249 2367 1427 2458 effectum

27 2525 30 2530 Δ
178 2480 372 2592 quaefitum
393 2501 586 2588 utcunque
607 2475 738 2562 animo
761 2476 950 2586 concipit,
971 2507 1050 2586 ope
1076 2477 1306 2564 relationum
1327 2507 1425 2590 quas

176 2591 300 2674 habet
311 2590 359 2672 ad
381 2611 490 2674 notas
502 2588 768 2698 quadantenus
776 2583 926 2694 (ntem
942 2589 982 2670 in
987 2588 1162 2780 petiere)
1175 2592 1424 2698 operationes

175 2698 337 2800 nostrat,
350 2701 603 2782 eumnomine
623 2691 752 2780 summi
767 2695 880 2795 Boni,
903 2699 969 2782 vel
1003 2699 1198 2782 oelicitatis
1219 2689 1452 2809 distinguit''

175 2811 230 2893 ab
244 2810 322 2893 aliis
333 2837 418 2918 quae
440 2807 556 2892 menti
566 2805 834 2912 obversantur,
844 2833 1077 2918 quamquam
1087 2809 1192 2894 mitit
1204 2809 1308 2892 illum
1323 2838 1422 2894 non·
1496 2823 1505 2850 ‘

175 2920 270 3004 dum
294 2917 475 3026 existere,
502 2925 543 3004 &
567 2911 934 3002 ticttdisttnuenon
949 2919 1103 3002 noverit
1123 2920 1244 3028 qualit
1261 2921 1418 3003 tandem

174 3030 297 3139 reipsl
309 3055 358 3110 ex
373 3025 680 3216 operationigus,
704 3021 992 3215 teptiptqpextra
1008 3055 1077 3156 nos
1097 3026 1434 3216 positarusnpicow

175 3139 1292 3356 {situlistntilli,ntt‘l‘tssltlllna
1308 3163 1416 3330 cll?

174 3359 231 3442 sas
251 3351 431 3457 refertur,
454 3353 634 3465 adetique
646 3376 695 3434 ex
710 3355 756 3438 iia
778 3373 904 3438 totum
924 3351 1125 3440 cettiffiml
1148 3354 1309 3466 pendet,
1328 3381 1412 3445 tan·

173 3467 263 3550 dem
276 3469 458 3578 paulatim
470 3486 604 3549 notum
616 3459 671 3544 fit.
710 3463 801 3546 Huc
821 3470 936 3548 etiam
959 3461 1200 3550 referendum
1224 3463 1279 3547 est
1302 3465 1412 3578 quod

175 3574 263 3662 cnm
286 3573 368 3657 finis
391 3571 577 3684 cujusque
601 3570 644 3656 fit
669 3591 798 3655 totum
809 3571 918 3673 illud,
940 3572 1224 3696 maximumque
1248 3575 1410 3678 bouum,

174 3683 281 3797 quod
303 3683 496 3794 universo,
517 3683 628 3794 fibrq÷
642 3681 711 3766 suo
732 3679 822 3765 loco
845 3681 974 3767 facere
994 3681 1320 3796 quis·poss1t‚&c.
1352 3689 1411 3772 se-

174 3819 312 3904 quatur
336 3792 450 3880 finem
474 3793 766 3902 concipiendum
789 3789 867 3874 else
887 3815 933 3876 ut
953 3819 1071 3901 aggre
1101 3817 1202 3878 atum
1224 3793 1288 3880 seu
1310 3795 1408 3880 sum

173 3931 270 3987 maro
289 3900 490 3992 effectuum
519 3905 709 3988 bonorum
732 3923 809 3984 tam
833 3902 929 3985 Deo
953 3905 1051 4012 grati
1133 3908 1364 4014 otum,·qui

172 4011 578 4125 hominibusuniverlis
590 4015 811 4205 unanimaq,x
832 4039 979 4122 quaeex
993 4011 1409 4207 efficaciffimasqiqrrq

238 4145 242 4150 ·
805 4150 827 4206 a
856 4145 878 4227 3
1294 4150 1317 4202 u
1353 4149 1382 4203 n

1539 4372 1597 4386 -
1679 4269 1682 4384 l
