3410 4574
439 177 501 278 Da
521 171 825 281 Diuaninib‘us
844 186 1059 315 proditis.
1331 225 1424 336 177

181 357 699 455 himanarumnunreremua,
729 351 859 464 (quod
873 355 1030 468 quidem
1042 359 1183 444 merito
1205 347 1422 473 fiatquoni·

179 495 240 553 aur
252 487 372 551 rotam
385 461 582 548 essentiam
607 467 649 548 &
662 465 738 545 vim
751 467 949 550 habituum
970 472 1010 549 in
1024 473 1074 552 so·
1083 469 1317 578 continent)
1337 495 1421 556 turn·

179 573 1420 688 reste&seecundumeaquaetradidinrurdieipotest‚idomneesse

177 683 445 880 {ustumsquod
462 710 551 766 cunr
565 684 624 768 his
635 683 826 796 principiis
838 713 882 771 ac
897 688 1064 796 Legibus
1078 689 1233 773 Naturae
1247 689 1417 773 rationa-

196 803 225 887 ia
243 821 320 880 con
338 797 450 878 entit.

233 912 276 1004 u.
289 900 704 1030 1113Confiderandunr
717 910 833 989 etiarn
844 909 953 989 venit
966 903 1168 1014 prasertim
1180 907 1228 990 ad
1241 907 1423 1036 primam·
1441 961 1443 965 -

177 1008 1422 1234 uruatetruria}aristarum

177 1229 265 1320 firio
277 1233 440 1343 praeiet
458 1230 542 1316 crim
557 1233 640 1335 ejus
660 1230 810 1318 termini
832 1233 1036 1346 (adedque
1054 1240 1190 1318 eorum
1206 1259 1337 1335 nexus,
1349 1237 1421 1320 seu

176 1343 321 1424 veritas
341 1339 609 1451 propositionis
622 1344 644 1451 )
657 1343 765 1427 obvii
789 1340 901 1442 fiunt,
922 1351 962 1430 8<
976 1345 1082 1455 quast
1103 1345 1235 1430 coram
1249 1345 1412 1456 erposrti

174 1451 395 1538 hominibus
415 1450 483 1562 qui
507 1450 556 1533 ad
576 1453 727 1536 aunum
753 1455 911 1536 suorum
937 1451 1090 1538 effedut
1104 1455 1224 1540 velint
1246 1462 1409 1536 animum

173 1562 404 1648 advertere?
448 1559 510 1642 An
524 1561 623 1646 vero
644 1559 935 1646 existimandum
950 1563 991 1647 fit
1013 1565 1198 1650 Naturam
1224 1591 1301 1648 non
1316 1561 1412 1648 suffi-

173 1669 536 1756 cienterdeclaraffe
556 1675 668 1754 talem
683 1676 902 1784 veritatem,
926 1675 979 1756 ita
997 1697 1037 1756 ut
1057 1673 1411 1784 obligationemin·

170 1781 411 1878 troduceret,
438 1783 493 1863 eis
517 1782 586 1890 qui
608 1809 677 1892 per
701 1783 896 1888 injuriam,
924 1786 1066 1868 aliasve
1090 1785 1224 1892 quibus
1244 1785 1408 1868 animum

172 1889 278 1974 suurn
300 1887 514 1974 distrahunt
525 1917 649 1988 curas,
672 1891 857 1992 terminos
870 1888 1058 1994 ejusmodi
1082 1921 1161 1973 non
1185 1895 1410 2003 'comparant
1515 1911 1519 1918 “

171 2006 272 2086 inter
286 2003 340 2100 se,
369 2026 442 2080 nec
456 1993 741 2104 propositiones
763 1997 952 2103 ejusmodi
964 2000 1141 2106 punicas
1153 2003 1312 2086 adustus
1327 1999 1411 2082 suos

172 2107 326 2196 suturor
344 2107 421 2188 diri
450 2105 569 2187 endor
590 2104 854 2192 ouostituunt?
886 2104 996 2190 Prior
1015 2107 1196 2193 sententia
1219 2108 1313 2194 mihi
1340 2137 1410 2190 ve·

169 2217 357 2302 rifimiiior
372 2131 538 2318 videtur,
563 2219 656 2326 quia
669 2213 759 2301 satia
773 2215 933 2308 docetur
952 2218 1177 2302 molarem
1206 2216 1407 2326 Trianguii
1478 2237 1483 2243 ·

168 2327 349 2434 longiora
367 2322 443 2406 esse
462 2325 628 2436 reliquo,
641 2323 710 2410 etfi
728 2325 906 2436 quispiam
919 2355 1002 2410 eam
1013 2327 1311 2439 propositionem
1323 2355 1406 2414 non
1506 2337 1509 2344 ’

169 2435 331 2541 formet,
348 2432 410 2518 sed
425 2431 678 2545 Triangulum
690 2437 814 2520 oculis
837 2463 885 2520 ex
914 2439 1019 2522 onit:
1049 2460 1140 2521 utcu
1224 2468 1247 2522 e
1270 2465 1405 2521 curan·

149 2547 262 2628 ,dum
273 2543 330 2627 est
343 2565 385 2626 ut
395 2543 471 2628 hoc
489 2541 636 2656 scripto
646 2545 842 2628 evincatur
871 2467 940 2652 sd)
954 2545 1161 2654 Terminus
1213 2571 1326 2654 egum
1338 2573 1405 2628 na·

168 2654 348 2754 ruralium
361 2657 402 2738 in
418 2653 491 2736 hac
505 2681 633 2738 rerum
654 2679 845 2762 compage
862 2653 1060 2740 hominurn
1079 2656 1211 2740 animis
1229 2654 1316 2740 satis
1332 2655 1405 2738 ob·
1444 2731 1447 2736 .

168 2767 239 2850 vie
263 2765 420 2871 exponi·
470 2758 544 2874 (a)
557 2763 767 2850 Hominum
780 2763 924 2848 animos
937 2765 988 2848 ita
1014 2763 1092 2848 five
1110 2793 1159 2848 err
1177 2763 1239 2848 sua
1254 2790 1404 2868 natura,

166 2875 248 2960 sive
270 2899 319 2958 ex
341 2873 605 2975 conjundiione
628 2900 712 2958 cunr
740 2900 918 2982 corpore,
945 2875 1177 2988 reliqudque
1203 2871 1406 2984 systemate
1437 2944 1440 2950 .
1516 2894 1522 2907 '

167 2979 300 3068 mundi
323 2983 373 3064 ad
400 3008 467 3066 eos
486 2982 757 3082 advertendus,
778 2983 1050 3070 abstrahendos
1063 2989 1103 3068 8<
1125 2989 1406 3094 comparandos

166 3095 268 3178 iuter
289 3087 345 3198 se,
374 3097 416 3178 8(
439 3092 489 3176 ad
507 3091 792 3202 proposrtionet
812 3119 886 3200 pro
907 3097 1053 3180 actuum
1079 3093 1407 3178 determinatione

168 3199 465 3304 constituendas,
494 3205 684 3290 excitaris
711 3199 890 3315 adeoque
913 3207 1022 3288 sanos
1056 3231 1189 3290 omnes
1215 3201 1404 3312 ejusmodi

168 3311 372 3398 sententiaa
392 3311 433 3394 in
448 3333 578 3396 mente
588 3311 747 3412 habere,
774 3312 868 3398 licet
888 3313 1216 3426 quandoquecum
1243 3317 1405 3398 hetero·
1491 3310 1499 3338 ¹

169 3425 325 3529 geneis,
346 3420 503 3508 falsisve
525 3419 719 3520 confusae,
739 3419 917 3532 adedque
939 3423 1174 3509 obscuratas.
1229 3421 1404 3508 Termini

38 3581 43 3591 ·
170 3551 298 3613 autem
315 3557 447 3614 earum
469 3529 768 3644 propofitionum
788 3534 1052 3640 practicarum,
1080 3558 1165 3645 quae
1184 3533 1308 3642 Leges
1336 3559 1406 3612 na·

954 3645 960 3661 0

169 3638 311 3722 turalea
331 3637 525 3750 dicuntur,
543 3645 628 3728 sunt
641 3640 755 3724 Asius
767 3638 922 3724 humani
971 3647 1015 3726 ui
1026 3645 1195 3744 consriio,
1219 3641 1283 3725 seu
1302 3641 1410 3745 iudi·

54 3793 60 3803 ·
169 3748 236 3834 cio
259 3751 419 3834 ratiouir
438 3754 521 3860 regi
544 3751 712 3864 possunt,
722 3747 871 3860 quique
884 3673 970 3860 posi
1000 3779 1088 3836 uam
1110 3773 1336 3854 exeruntur,
1358 3750 1409 3835 sr-⁸
1492 3755 1493 3762 ‘

170 3857 421 3966 mulraiiquid
444 3859 651 3946 conserunt
667 3861 738 3955 ad¹
757 3855 893 3942 statum
921 3781 1182 3945 fosiuffimun
1204 3861 1407 3947 universo*
1446 3945 1450 3952 .

171 3993 256 4048 rum
267 3966 531 4058 stationarium
552 3975 595 4056 δι
615 3969 665 4052 ad
677 3967 844 4052 nostram
862 3970 1048 4080 privatam
1061 3971 1312 4058 foelicitatem.
1339 3970 1401 4049 Illi

170 4085 395 4170 autemnon
421 4077 665 4170 incommode
687 4073 917 4186 diuiduntur
942 4079 1065 4192 vulgo
1085 4084 1126 4167 in
1163 4080 1233 4186 (1)
1246 4075 1406 4154 Elicitoe

93 4221 101 4232 ·
273 4209 277 4218 ’
621 4307 625 4312 ¹
812 4189 886 4272 Aa
1193 4177 1407 4268 intellectus
1510 4305 1513 4312 Ι
