3400 4566
251 101 353 228 ,296
491 23 561 200 Dr
579 91 893 235 LegeNaturae
922 83 1376 232 ejdsqrrrodlr'grrr'orrd

256 265 521 375 rationalium,
535 265 602 350 seu
621 265 671 350 a'd
684 265 1032 352 totum'Civitatem
1048 265 1127 347 Dei
1139 270 1360 352 naturalem.
1384 269 1501 352 Pror-

256 373 314 462 sus
330 375 388 461 uti
403 376 676 460 nutrimentum
689 373 943 481 idoneu'mad
957 377 1289 461 constrvaionem
1310 384 1351 462 ὃ(
1376 381 1501 462 incre·

258 511 427 578 mentum
454 484 684 594 sangulorum
705 485 963 570 membrorum
987 484 1024 566 in
1049 485 1203 567 animali
1220 484 1502 598 sanodetermi·

258 619 372 680 natur
400 621 467 702 per
493 592 686 680 rationem
710 621 826 704 quam
849 595 945 678 illud
972 591 1091 678 habet
1113 592 1163 676 ad
1192 593 1309 680 totius
1330 595 1502 706 corporis

258 705 399 792 statum
422 705 628 810 optimum.
667 799 669 802 ,
791 789 794 797 ,
1140 775 1148 786 .

315 817 354 914 s.
373 811 553 896 XLVIII.
585 811 901 906 Adhancautcm
917 811 1188 896 Ilmitat'ionam
1212 807 1505 900 nostrae‘foe'lici·

260 926 352 1008 tatis
363 924 501 1034 (quam
517 917 743 1030 speramus)
756 919 976 1020 sarciendam,
992 919 1200 1006 necessario
1223 950 1293 1006 nos
1310 921 1505 1008 deducunt

105 1091 112 1102 -
291 1033 453 1142 rincipia
482 1055 567 1142 quae
593 1057 662 1121 nos
688 1033 883 1142 posuImus
911 1029 1133 1114 exhibentia
1154 1029 1308 1132 Deum,
1336 1033 1505 1144 alidsque
1630 1043 1632 1054 ⁴

129 1145 132 1152 ’
251 1061 490 1228 immines&
511 1139 612 1225 Illius
632 1143 761 1226 causas
774 1139 1024 1242 voluntarias,
1046 1138 1149 1226 aded
1162 1163 1208 1224 ut
1221 1140 1336 1226 nobis
1359 1139 1506 1227 necesse

263 1250 307 1336 lit
320 1254 468 1362 (earum
479 1251 609 1336 naturd
622 1249 660 1333 id
673 1247 917 1360 pollulante)
937 1249 1174 1334 voluntatem
1190 1245 1507 1336 Dei'homin'dm·

263 1391 344 1474 quc
369 1361 481 1446 nobis
502 1359 722 1462 conciliare,
743 1359 996 1444 concedendo
1021 1387 1067 1441 ea
1088 1363 1314 1472 omniaque
1340 1357 1439 1470 ipsra,
1465 1382 1507 1446 ut

265 1475 386 1557 totius
409 1470 687 1556 communitatis
717 1468 900 1553 naturalis
923 1466 1094 1579 parribus
1117 1467 1235 1578 longi
1256 1469 1446 1571 maximis,
1459 1471 1507 1553 ’δε

266 1579 460 1692 praecipuis
476 1573 718 1678 satisfaciant,
745 1577 960 1688 priusquam
983 1603 1071 1659 cum
1087 1578 1240 1662 ratione
1262 1576 1284 1661 s
1303 1607 1409 1664 erare
1422 1577 1509 1689 pol·

232 1767 238 1776 .
266 1692 393 1774 sumus
420 1713 486 1770 eos
515 1685 624 1769 nobis
648 1685 960 1773 commodaturus
983 1684 1060 1769 else
1083 1715 1244 1797 operam
1268 1611 1365 1772 titan
1393 1689 1510 1774 rebus

268 1797 407 1886 nostris
429 1795 543 1908 plani
564 1795 817 1882 necessariam.
846 1798 903 1879 ¹Iu
933 1823 959 1890 a
987 1795 1130 1879 erando
1146 1803 1258 1882 enim
1276 1821 1444 1910 propter
1465 1793 1512 1880 fi-

269 1937 372 2010 nem,
396 1905 537 1992 rationi
561 1906 713 2014 prorsus
728 1927 916 2018 repugnat
935 1824 1115 1994 eiacum
1137 1905 1242 1992 aliud
1255 1907 1422 2018 sperare,
1435 1929 1512 1994 aut

270 2017 488 2116 Intendere,
510 2017 628 2142 quam
645 2017 753 2126 quod
776 2043 826 2097 ex
848 2038 984 2101 natura
1007 2011 1419 2122 causarumornniunt,⁴
1447 2045 1514 2104 rae·

271 2130 402 2218 serunt
415 2125 689 2236 princrpalium,
700 2124 751 2209 ed
760 2125 1065 2209 concurrentium
1075 2124 1368 2212 determinetur.
1380 2049 1514 2218 Aded-

272 2263 350 2350 que
371 2232 583 2321 cirmcausae
607 2231 834 2344 principales
848 2234 984 2321 nostrae
1005 2231 1211 2318 foelicitatis
1221 2231 1305 2322 sunt
1317 2239 1407 2342 alia,
1419 2265 1515 2352 prae·

273 2372 332 2431 rer
346 2341 506 2444 nosmet,
524 2340 676 2452 agentia
696 2341 906 2445 rationalia,
927 2373 974 2426 ea
995 2343 1142 2428 tantiam
1154 2345 1236 2453 ejus
1247 2345 1423 2434 mensura
1443 2355 1514 2436 erit

272 2453 458 2567 speranda
480 2479 595 2565 quam
621 2449 835 2562 hujusnodi
856 2451 1050 2538 causarum
1066 2453 1293 2538 naturaliter
1315 2457 1515 2544 necessari-

272 2589 382 2648 arum
399 2565 585 2648 ¹voluntas
608 2563 649 2644 &
672 2563 772 2648 ratio
796 2562 1017 2676 permiserit.
1057 2565 1209 2648 Scilicet
1231 2593 1455 2680 quanquam
1475 2571 1517 2654 'rn

266 2671 574 2781 'investigatione
600 2675 795 2757 causarum
806 2671 887 2782 (uti
903 2673 940 2757 in
953 2673 1514 2788 resolurioneproblematunr)

278 2781 525 2892 procedimus
552 2779 602 2858 ab
625 2777 787 2881 effectis,
814 2807 899 2890 quae
931 2782 1349 2896 codluseplerumque
1387 2793 1517 2877 anino

277 2889 532 3002 concipImus,
554 2909 622 2970 aut
645 2889 793 2974 tantiam
816 2914 991 3002 optamus
1018 2893 1041 3002 (
1069 2893 1153 2975 uale
1170 2895 1352 3005 quiddam
1377 2899 1433 2980 est
1447 2901 1520 2986 foe·

277 3003 398 3086 licitas
425 2991 488 3086 sua
513 2995 695 3108 cujusque
709 2921 1074 3113 poffibilisgeneraii
1095 3007 1519 3094 notioneanimoconr·

278 3109 524 3223 prehensas)
548 3109 586 3190 in
606 3111 808 3217 operando
823 3111 1125 3219 tamen(analvsr
1147 3113 1225 3219 jam
1239 3120 1408 3228 petasii,
1430 3148 1518 3206 cau·

280 3220 404 3332 sisque
432 3239 519 3302 cum
543 3213 690 3301 effesiis
716 3217 786 3304 suis
814 3220 999 3329 proximis
1017 3221 1191 3309 distinere
1223 3227 1302 3331 jam
1337 3233 1521 3339 repertis,

265 3333 378 3418 'Scin
399 3351 530 3413 mente
551 3326 770 3436 ordinatis)
795 3331 1067 3440 progredimur
1085 3331 1296 3442 synthetice
1308 3335 1358 3420 ab
1371 3367 1520 3448 expen·
1665 3329 1666 3334 Ν

174 3479 180 3496 ·
281 3433 698 3548 fisprirnpcuraristrue
719 3439 822 3548 (quae
835 3441 968 3524 natura
981 3439 1063 3526 sunt
1076 3443 1244 3551 priores)
1265 3445 1376 3529 carifis
1397 3445 1521 3560 fingu-

282 3549 453 3656 lis'(Deo
467 3542 1121 3659 scilicet&homiuumaggregato)
1135 3553 1183 3636 ad
1195 3553 1298 3638 bona
1310 3555 1374 3640 illa
1386 3551 1520 3646 effeta

283 3657 383 3738 circa
405 3653 594 3764 publicam
609 3653 878 3761 ‘faelicitatem
903 3687 987 3768 quae
1008 3685 1057 3742 ex
1069 3663 1217 3746 illarum
1231 3663 1379 3750 viribus
1391 3669 1518 3752 deter·
1620 3677 1622 3680 ’

285 3759 629 3875 minationibr'rsque
650 3793 738 3848 cunr
762 3765 894 3852 nostris
910 3771 1111 3855 conatibus
1119 3777 1435 3861 concurrentibus
1448 3777 1518 3860 ob·

283 3877 401 3958 tiocli
426 3873 589 3983 possunt.
634 3875 790 3960 Prorsus
803 3875 861 3960 uti
881 3877 918 3960 in
935 3879 1222 3968 construetione
1239 3885 1518 3992 problematum

284 3986 623 4072 Geometricorunr
645 3977 804 4094 spniheli
827 3991 969 4075 utimur
989 3992 1168 4103 ordInat‘rl
1192 3993 1339 4110 (quam
1362 3997 1521 4107 analysu

1293 4109 1519 4221 invenerat)
