3410 4574
271 171 361 293 196
490 149 553 250 De
582 142 693 280 Lege
712 137 897 242 Natura
921 135 1091 276 ficisque
1101 99 1364 272 obligatione.

270 355 360 442 deat
372 337 784 433 determinarioutrirnr
798 333 929 420 eadem
943 333 1010 418 fint
1023 332 1190 444 bona‚an
1203 317 1505 446 malaiquaeduo

270 459 460 574 praecipua
479 449 562 534 sunt
571 448 682 562 ipfiirs
702 447 903 558 dogmata,
915 443 980 528 sed
993 445 1157 528 adversis
1179 445 1282 530 inter
1311 443 1346 527 se
1369 441 1508 531 frontiss

272 577 343 660 bus
369 561 585 682 pugnantia.
624 559 844 662 Qinetiam
856 579 1002 666 pugnat
1019 555 1207 666 posterior
1220 556 1404 640 sententia
1423 581 1509 638 cunr

195 765 198 774 ,
274 674 485 769 neceffarid
502 668 805 758 &effenttaliter
830 663 1019 776 requifitis
1039 666 1087 748 ad
1107 664 1343 773 societatem,
1370 668 1513 774 agnitis

277 793 328 876 ab
352 789 435 900 ipso
451 779 697 886 Hobbiopro
712 777 858 884 legibus
883 798 1042 878 naturae,
1070 787 1152 860 viz.
1177 777 1407 882 Rejediion‘e
1423 778 1514 880 juris

278 903 321 987 in
343 922 476 984 omnes
497 895 538 977 8(
563 889 703 990 omnia,
726 885 802 971 fide
817 885 1013 994 partorum
1028 882 1225 981 servanda,
1250 885 1515 986 Graritudine‚
1651 942 1656 958 .

217 1097 221 1108 ,
279 1007 482 1120 dequibus
497 997 575 1110 ipse
590 1024 667 1110 cap.
686 1021 725 1103 3.
754 995 914 1080 deciae.
946 994 1204 1107 Certdfiquia
1228 997 1518 1104 princepaleget
1591 1005 1598 1022 ·

282 1113 481 1231 generales
498 1111 553 1192 his
578 1109 786 1191 contrarias
802 1104 959 1189 sanciret
976 1105 1024 1188 ad
1046 1109 1241 1188 civitatem
1253 1106 1356 1188 suam
1380 1104 1519 1187 stabili·

282 1227 435 1326 endam,
449 1223 533 1332 pari
554 1215 721 1302 succeffu
736 1215 775 1298 id
792 1217 939 1299 faceret
963 1244 1008 1298 ac
1029 1213 1056 1297 fi
1080 1215 1306 1300 decerneret
1324 1215 1436 1298 usum
1457 1241 1522 1296 ve·

284 1335 388 1438 neni,
406 1329 599 1427 amareris,
618 1323 860 1436 vestitimque
882 1323 988 1433 peste
1010 1322 1239 1409 infestorum
1253 1327 1301 1406 ad
1330 1323 1523 1408 sanitatem

286 1447 431 1532 civium
459 1435 770 1523 conservandam.
832 1437 981 1518 Pariter
1002 1437 1104 1517 enim
1128 1434 1376 1519 immutabilis
1394 1432 1450 1516 est
1470 1435 1526 1516 vis

287 1551 512 1642 &efficacia
539 1573 665 1630 return
689 1542 876 1651 ejusmodi
897 1546 946 1626 ad
971 1543 1066 1624 mala
1096 1541 1290 1630 discordiae
1313 1543 1526 1630 hominibus

287 1658 487 1751 inferenda
518 1665 590 1740 ae.
624 1655 673 1738 ad
696 1653 818 1737 caedes
842 1656 883 1738 &
907 1653 1055 1764 rapinas
1077 1651 1162 1742 &a
1203 1681 1248 1738 ac
1272 1681 1528 1756 venenorum,
1666 1645 1667 1656 ‘

318 1769 479 1881 estisqtre
505 1766 565 1849 vis
595 1763 645 1848 ad
673 1761 888 1872 sanguinem
912 1763 1245 1874 corrumpendum.
1298 1767 1393 1850 Non
1421 1792 1530 1878 pare·

289 1805 347 1970 dit
359 1876 486 1962 Xerxi
499 1873 724 1962 verberatus
740 1867 1037 1984 Hellespontust
1060 1901 1132 1957 nec
1145 1875 1259 1958 noxia
1271 1877 1311 1957 in
1328 1875 1437 1958 utilia
1451 1900 1531 1956 nru-
1666 1899 1667 1906 ¹

293 1991 371 2078 tari
399 1988 553 2100 poffunt
564 1986 780 2098 principum
789 1980 968 2066 decretis.
998 1981 1204 2092 cogitetur
1218 1985 1316 2086 Lex,
1327 2013 1411 2097 quae
1422 1983 1532 2094 jube·
1666 1985 1667 2040 f

295 2126 337 2188 at
354 2101 527 2188 homines
546 2091 710 2199 cujusvis
733 2095 842 2200 regni
863 2121 994 2176 ornnes
1006 2093 1148 2178 obvios
1171 2093 1236 2176 fibi
1255 2095 1434 2182 concives
1459 2092 1532 2176 fine
1666 2095 1667 2100 ‘

297 2205 667 2316 Sexirs‚AEratis‚aut
680 2202 866 2288 fanorum
878 2201 1091 2286 discrimine
1103 2204 1307 2296 occideret
1337 2206 1533 2318 padaonr·

296 2320 359 2406 nia
386 2315 564 2412 violaret
595 2315 767 2424 ingratos
779 2313 955 2397 omnibus
967 2313 1006 2396 se
1017 2314 1218 2424 praestare:
1246 2315 1537 2402 Etiiciveshu·
1666 2315 1667 2372 ἒ

296 2423 464 2541 jusmodi
486 2425 614 2510 edictis
629 2443 818 2534 parerent,
836 2423 924 2506 vide
944 2451 992 2505 an
1015 2453 1094 2508 non
1120 2425 1420 2511 internecionem
1444 2424 1539 2509 civi·
1665 2447 1667 2520 1

299 2569 366 2624 unt
394 2535 518 2618 statim
532 2534 799 2619 introduceret
811 2531 911 2641 (non
935 2533 1114 2619 obstante
1125 2534 1368 2646 obligatione
1381 2540 1421 2622 in
1450 2535 1541 2622 foro
1665 2557 1667 2600 1

298 2647 469 2742 interno,
481 2669 597 2754 quam
609 2645 672 2728 ille
684 2643 890 2754 agnoscere
911 2643 1077 2754 viderur,
1092 2668 1135 2729 ut
1159 2649 1323 2730 incautis
1345 2646 1542 2758 imponat)
1583 2657 1588 2673 '
1666 2695 1667 2706 t

307 2751 611 2839 atsubditorum
635 2781 732 2836 unus
761 2752 912 2837 tantdm
945 2759 1088 2840 caeteris
1120 2756 1298 2841 omnibus
1318 2755 1542 2870 supereffet,

304 2889 425 2975 quem
453 2862 616 2946 aliorum
643 2861 937 2948 omniumcaede
952 2862 1156 2975 superbum
1181 2867 1304 2952 nullus
1328 2891 1451 2952 merus
1474 2895 1543 2976 po·

303 2975 431 3059 rentiae
444 2971 784 3080 maioris(unicunr
806 2971 1004 3058 vinculum
1017 2975 1038 3060 a
1053 2976 1217 3062 Hobbio
1228 2975 1421 3088 agnitum)
1434 3003 1545 3060 coer·

306 3082 474 3168 ceretab
499 3081 765 3167 interficiendo
779 3084 951 3196 principe
977 3081 1177 3195 quemillo
1201 3085 1324 3173 minirs
1345 3085 1543 3172 robustum
1636 3133 1637 3138 ¹

306 3193 398 3278 licit
408 3193 639 3302 supponere.
694 3189 887 3278 Ostendat
908 3220 1027 3302 porro
1048 3198 1249 3305 quomodo
1271 3221 1354 3286 tota
1368 3197 1451 3328 ejus
1466 3194 1545 3307 phi·
1665 3275 1667 3308 Ι

285 3299 483 3413 ,iosophia'
496 3301 798 3388 demonstrativa
812 3302 869 3404 fit,
883 3307 923 3386 8(
939 3307 1270 3417 neceffaridvera,
1296 3307 1382 3392 cirrn
1408 3305 1544 3390 'anulio

310 3410 439 3498 adhuc
458 3411 636 3520 principe
655 3413 776 3496 fuerit
798 3408 1048 3518 confirmatu
1075 3417 1137 3502 sed
1153 3417 1174 3502 ὲ
1190 3419 1325 3504 contra
1338 3417 1457 3503 multa
1471 3417 1545 3520 eiut
1630 3505 1632 3508 ,
1665 3463 1667 3524 t

310 3523 507 3630 dogmata,
527 3518 677 3606 utillud
704 3522 754 3603 de
766 3521 983 3612 neceffitate
1007 3527 1223 3642 oppofitunt
1238 3525 1366 3613 lib'ero
1385 3519 1544 3612 arbitrio
1665 3535 1667 3624 i

312 3633 335 3712 a
358 3631 597 3738 principibus
611 3631 804 3745 plerisque
814 3635 987 3722 omnibus
1001 3641 1071 3752 qui
1085 3637 1411 3724 Christianismum
1432 3632 1545 3748 profi·

315 3739 754 3842 tentur,condemnetur.
876 3757 888 3780 ⁹
1036 3781 1038 3792 ¹

319 3899 325 3908 ·
368 3845 570 3976 {Quicquid
587 3846 628 3976 stt
654 3853 763 3959 quod
785 3851 851 3936 ilie
878 3853 1031 3970 sentiat,
1045 3857 1083 3942 id
1106 3859 1154 3942 ad
1182 3887 1261 3942 rem
1287 3887 1367 3946 non
1389 3859 1542 3945 multirm
1665 3899 1667 3974 ᾗ

317 3977 482 4056 1111111615
520 3979 647 4042 mlttut
667 3961 862 4048 tamenest
886 3967 1055 4073 judicare
1069 3968 1134 4050 vel
1146 3969 1355 4082 deceptum
1367 3971 1445 4054 esse
1467 3993 1544 4050 ver·
1666 3981 1667 4060 ς

320 4065 564 4159 borumssaar'
591 4071 745 4171 &Mali
766 4071 1030 4192 ambiguitate,
1054 4077 1543 4192 trideciperevoiuiffein·

1425 4203 1546 4271 0881808
1666 4271 1667 4276 ¹

1602 4381 1667 4514 r

1665 327 1667 356 i

1666 479 1667 506 i
