3400 4566
270 175 365 298 236
430 201 434 208 ·
506 152 1378 300 DeiegeNaturaejusqueoiligationa
1474 75 1487 88 Β

267 381 355 439 nam
381 347 585 436 necessaria
609 345 678 431 lint
690 344 739 430 ad
759 343 1040 430 omniumillius
1049 342 1219 428 maximae
1236 343 1413 428 Civitatis
1426 343 1520 428 sub·

267 469 438 550 diturum
453 459 704 558 foelicitatem,
717 463 758 542 8(
772 457 820 538 ad
835 457 915 538 Dei
929 455 966 538 in
983 455 1045 538 illa
1060 459 1282 568 imperantis
1293 457 1485 542 honorem
1496 487 1521 554 ς·

270 584 311 662 8(
334 571 575 660 observando
589 571 705 682 quim
729 567 951 650 naturaliter
965 595 1010 648 ac
1035 565 1244 651 necellatib
1259 567 1520 652 hominesim·

300 687 468 771 elluntur
491 685 540 766 ad
561 683 645 766 illos
667 679 904 762 coercendos
932 679 1000 790 qui
1020 677 1076 760 his
1095 681 1289 761 contraria
1312 677 1524 763 sellantur.

314 825 367 880 on
382 797 481 876 enirn
496 792 662 876 dubitari
678 789 804 900 potest
815 791 913 898 quin
924 791 1044 896 prima
1056 786 1164 872 causa
1181 787 1280 872 illam
1294 789 1521 896 poenantiu-

272 907 354 1016 fligi
378 903 668 1015 jullerit,quam
690 903 792 986 retia
815 905 855 984 8(
879 897 1086 982 necessaria
1111 901 1234 984 Ratio
1259 899 1394 1003 jubeat
1416 895 1521 985 tnflts

275 1045 391 1130 gere5
420 1016 572 1124 quippe
587 1012 684 1096 itta'a
708 1037 831 1094 rerum
854 1031 989 1092 natura
1006 1009 1139 1096 exarte
1151 1013 1340 1120 propensi
1365 1007 1525 1120 prorsus

276 1121 899 1233 determinatur‚ade6queiDeo
918 1147 1045 1206 retum
1058 1121 1227 1206 omnium
1239 1121 1391 1232 opifice.
1409 1122 1522 1204 Simi·
1669 1185 1674 1196 .

276 1241 365 1322 liter
400 1241 518 1319 etiam
542 1231 722 1343 colligere
750 1233 841 1315 licet
867 1232 999 1314 Deum
1024 1230 1066 1315 iia
1095 1229 1237 1317 auibus
1270 1231 1422 1344 praemia
1453 1232 1524 1315 de·

279 1373 454 1456 cernere,
486 1345 630 1456 quibus
653 1344 752 1429 retia
791 1342 952 1427 hominis
974 1345 1097 1428 Ratio
1133 1343 1288 1452 praemia
1323 1341 1523 1430 decerniti

280 1484 403 1570 atque
428 1458 542 1538 etiarn
571 1453 693 1566 ipsum
712 1455 794 1538 illas
815 1451 1099 1566 proposttiones
1132 1453 1181 1534 de
1206 1451 1349 1539 auibus
1372 1447 1525 1564 aliquid

280 1571 329 1652 ad
356 1568 575 1648 Commune
598 1559 1331 1674 bonumfacientibusLegumvigorem
1349 1563 1526 1665 obtinere

280 1675 397 1776 velle,
421 1703 516 1788 quas
531 1675 680 1758 fitncitis
703 1673 779 1756 hoc
800 1673 920 1758 modo
945 1673 1120 1784 poenirac
1150 1677 1315 1782 praemiis
1337 1674 1438 1784 (prae
1461 1702 1528 1757 re·

280 1781 397 1900 liquis
414 1787 518 1870 veris
542 1813 590 1869 ac
608 1781 804 1898 practicis)
831 1782 1051 1869 honoravit.
1109 1785 1334 1882 Quinetiam
1350 1787 1371 1870 i
1387 1785 1529 1895 parita-

289 1925 332 1984 te
357 1896 513 1980 rationis
527 1925 605 1981 non
619 1895 780 1980 obscure
796 1894 929 2004 colligi
970 1893 1085 1990 otest,
1106 1894 1214 2004 quod
1242 1893 1529 1980 srDeuahomi·

285 2035 354 2093 nes
374 2005 549 2115 judicate
571 2007 712 2092 doceat
727 2003 875 2090 neceffe
902 1926 980 2088 elie
1002 2005 1050 2086 ad
1074 2003 1292 2090 Commune
1318 2005 1461 2090 bonum
1486 2009 1529 2089 8(

254 2221 256 2226 ,
283 2119 521 2226 lingularum
551 2117 747 2226 proprium
763 2138 805 2198 ut
819 2115 920 2199 atius
933 2113 1073 2226 quibus
1099 2121 1204 2224 pacis
1218 2117 1458 2200 conditiones
1471 2115 1531 2197 vi·

286 2231 456 2328 alantur,
481 2227 682 2340 postquam
708 2225 794 2336 ipfis
810 2230 894 2308 noti
907 2221 1004 2327 sunt,
1017 2247 1206 2336 quantum
1220 2225 1286 2336 ipsi
1299 2227 1532 2340 valentpoe·

203 2391 206 2398 ·
288 2341 345 2422 'nis
369 2359 635 2438 coerceantur,
652 2365 730 2422 non
753 2333 871 2420 solum
893 2336 1018 2470 ipsum
1044 2339 1098 2419 ita
1125 2338 1312 2445 judicare,
1335 2338 1457 2448 idque
1483 2335 1533 2418 ab

288 2447 504 2531 hominibus
537 2445 674 2533 salium
696 2445 812 2549 velle,
836 2473 971 2529 verum
995 2446 1108 2529 etiarn
1133 2447 1239 2559 quod
1272 2443 1350 2560 ipse
1373 2445 1535 2531 firniliter

289 2559 442 2660 iudicet
453 2559 503 2642 de
530 2557 671 2644 aliibua
695 2560 999 2668 paritetnocivis
1024 2561 1092 2670 qui
1117 2556 1291 2646 homines
1304 2559 1440 2658 latent,
1470 2575 1536 2638 ant

289 2669 436 2780 quibus
462 2669 665 2776 puniendis
684 2675 787 2753 vires
809 2665 880 2750 illia
892 2697 973 2753 non
998 2665 1213 2780 suppetunt.
1270 2667 1536 2753 Certillimum

293 2778 394 2862 enim
416 2777 474 2859 est
496 2805 611 2861 omne
636 2781 781 2862 retium
804 2777 991 2884 judicium
1010 2778 1187 2890 adeoque
1202 2783 1411 2881 Divinum,
1435 2779 1539 2863 dere

326 2883 451 2969 torsus
478 2883 582 2968 simili
598 2883 765 2970 similiter
792 2889 990 2978 statueret
1017 2893 1058 2974 8(
1081 2889 1541 2997 occultiffimosauusip·

290 2919 375 3083 llam
397 2997 515 3080 latere
541 3025 622 3082 non
649 2995 784 3106 polle:
812 2999 992 3110 adeoque
1014 3003 1154 3084 nullam
1178 3002 1257 3088 elle
1280 3005 1426 3088 causam
1436 2998 1541 3082 cura

295 3105 462 3197 serendo
482 3107 531 3192 de
551 3107 598 3193 iis
611 3109 761 3216 judicio
778 3107 990 3198 abstineam
1017 3113 1124 3222 quod
1139 3111 1332 3222 sepiffime
1353 3115 1402 3198 ab
1413 3109 1545 3193 bom-i·

298 3219 410 3304 'nibus
425 3217 575 3304 necelle
598 3219 655 3305 est
680 3217 831 3322 fierine
841 3223 989 3304 temere
1008 3223 1310 3330 pronunciando
1322 3225 1548 3312 innocentes
1693 3215 1695 3276 t

292 3329 446 3412 laedant.
490 3325 623 3414 Obvia
639 3353 776 3414 autem
791 3331 854 3415 est
863 3329 1043 3413 omnibus
1065 3333 1144 3421 haec
1159 3336 1420 3438 ratiocinatio,
1442 3329 1548 3416 unde

301 3461 504 3551 nequeunt
527 3469 607 3525 non
620 3439 741 3524 secum
760 3462 941 3550 reputare
958 3441 1085 3527 Deum
1109 3445 1423 3533 seeretisillorum
1438 3443 1550 3552 flagi·

295 3551 359 3632 'tiis
390 3577 521 3659 poenas
547 3549 800 3662 conilitui‘lle>
826 3558 867 3638 8(
891 3552 1043 3658 injurias
1074 3556 1394 3643 imbecillioribus
1429 3561 1554 3640 illatas

303 3662 500 3743 ulturum:
530 3665 690 3773 Qrippe
712 3689 790 3748 non
814 3662 870 3746 est
894 3691 962 3748 cur
985 3665 1173 3778 quispiam
1198 3670 1347 3756 dubitet
1365 3675 1460 3786 quin
1484 3707 1555 3762 ve·

305 3767 351 3849 lit
382 3771 448 3850 ille
474 3769 574 3856 hunc
602 3769 732 3877 finem,
768 3776 991 3858 Commune
1023 3805 1162 3888 nempe
1189 3781 1349 3884 bonum,
1375 3771 1556 3900 proequi

308 3905 391 3989 quo
417 3881 582 3990 &ipfius
596 3883 718 3968 honos
742 3891 783 3970 8(
801 3885 1038 3970 rationalium
1063 3891 1237 3975 omnium
1261 3893 1433 3980 foelicitas
1458 3930 1555 3986 con·

309 3999 466 4110 rinetur.
524 3991 626 4076 Finis
645 3996 746 4108 enim
764 3997 888 4100 major
912 3996 989 4081 effe
1013 4027 1090 4081 non
1115 4003 1266 4110 potest:
1297 4009 1338 4088 8(
1364 4009 1495 4096 minor
1509 4011 1558 4094 ab

301 4104 379 4185 'rllo
406 4099 472 4212 qui
499 4103 592 4190 vere
618 4103 765 4214 judicat
799 4133 875 4216 pto
901 4108 1045 4195 summo
1078 4111 1211 4202 haberi
1248 4117 1393 4224 nequit.
1428 4111 1558 4204 ¹Hinc

296 4242 300 4252 ·
371 4248 380 4265 ·
770 4245 782 4260 ·
1305 4227 1562 4319 Conscientia
