3410 4574
279 198 368 294 132
606 145 672 252 De
708 143 889 251 Notum
923 134 1137 274 Hierum,
1165 161 1218 261 (J

271 322 358 414 bius
379 317 562 434 colligere
581 317 918 421 uellet,hon1ineut
938 345 1032 430 erga
1043 319 1149 404 suunt
1162 303 1280 430 genus
1300 315 1422 430 magis
1435 333 1523 403 uta-⁷

272 441 444 526 levolum
468 426 547 516 elle
570 433 612 514 dc
638 429 896 515 insociabilem
917 431 1035 542 quim
1068 429 1180 514 bruta
1201 429 1394 530 animalia,
1409 457 1515 513 com·

272 549 390 634 mode
416 541 623 628 admodum
646 539 1046 653 inipsum'retorqueri
1072 537 1192 652 posse,
1218 537 1342 624 veluti
1361 536 1523 623 clausit·-

274 688 338 744 ma
352 647 783 765 indiciaqubdhomoi
810 673 949 734 natura
971 669 1083 761 aptus
1110 649 1226 735 suerit
1238 650 1355 735 sadius
1366 649 1417 732 ad
1436 677 1514 734 tna·

272 771 407 879 j'otent
430 791 522 877 erga
550 761 618 846 s1bi
641 787 877 870 congeneret
905 761 1234 863 benevolentiam,
1259 761 1376 871 quim
1405 759 1515 844 aliud

274 877 443 990 quodvis
467 873 683 956 animalium
708 897 843 980 genus.
908 873 1028 955 Amat
1051 873 1153 955 euim
1166 871 1382 974 Honorem,
1396 871 1515 980 quaeb

274 977 730 1091 beneficentia-ejusmodi
753 982 978 1067 naturaliter
996 983 1193 1094 provenit.
1245 980 1400 1066 Publici
1423 979 1516 1066 boni

273 1103 357 1184 vim
379 1097 429 1178 ad
450 1093 652 1178 tutandum
661 1091 807 1176 bonum
818 1091 887 1203 ipsi
899 1094 1092 1202 priuatum
1101 1089 1306 1203 persediita
1319 1090 1514 1202 intelligite

273 1207 445 1290 Ratione
465 1205 695 1396 'utiturque
718 1203 822 1288 &ad
845 1201 1100 1291 obedientiam
1114 1203 1213 1285 &ad
1236 1201 1525 1314 imperandunn·

269 1335 395 1430 'prout
419 1315 499 1400 sors
524 1313 623 1401 obtu
639 1313 726 1412 erit,
752 1309 873 1424 ipsunt
893 1313 1036 1423 paritet
1059 1311 1250 1423 disponit:
1289 1311 1422 1398 verbis
1447 1342 1524 1425 ap·v
1666 1301 1667 1308 Ν

274 1421 751 1512 tiffimisrationitsuaeuint
772 1451 911 1508 acuere
926 1424 1093 1507 novit&
1109 1449 1312 1506 exornare.
1367 1423 1523 1534 Legem·

275 1543 407 1644 novit,
432 1536 543 1643 cujus
568 1533 832 1640 viinjutianti
854 1533 999 1616 damno
1016 1539 1113 1619 citra
1129 1535 1305 1640 injuriam
1330 1533 1440 1620 illato
1462 1535 1516 1619 di·

274 1645 447 1756 stinguit.
488 1645 678 1754 Denique
690 1641 926 1729 consenfioni
950 1643 1052 1727 inter
1078 1645 1255 1729 homines
1278 1642 1390 1726 semel
1416 1643 1518 1729 sadae

274 1787 354 1843 non
378 1779 512 1840 natura
532 1753 682 1840 tantitm
698 1751 960 1853 constantiam,
979 1753 1041 1839 sed
1066 1778 1211 1838 natutae
1220 1751 1435 1838 auxiliatrix
1458 1781 1523 1838 art

274 1869 533 1954 multifariam
556 1866 756 1951 cautelam·
770 1864 950 1949 adversus
973 1865 1079 1950 casus
1104 1862 1228 1948 mimis
1250 1866 1452 1977 opinatos,
1474 1871 1516 1950 dt

273 1975 985 2064 durationemulttaaetatembominis
999 2005 1068 2087 per
1082 1978 1511 2088 scn'pturantimpertiu

275 2092 438 2175 interitu
463 2117 546 2173 uon
556 2089 652 2172 libet
666 2087 725 2168 his
746 2084 959 2195 singulatim
968 2087 1204 2197 explicandis
1214 2087 1277 2170 hic
1301 2089 1378 2170 loci
1396 2084 1522 2170 diuti·

232 2259 239 2274 .
274 2197 319 2282 bs
343 2197 568 2285 immoratis
602 2191 666 2278 sed
704 2194 896 2304 integrum
921 2196 1019 2277 relin
1048 2222 1103 2280 uo
1125 2195 1281 2278 Ledori
1312 2195 1521 2305 judicium,-

275 2305 408 2392 utritm
427 2303 642 2388 Hobbianae
669 2297 931 2412 responfionos
958 2332 1005 2386 an
1021 2225 1092 2387 ‘ba
1116 2304 1347 2392 retotstonos
1371 2305 1524 2392 suerint·

275 2419 478 2504 veriores?
507 2415 591 2518 seu,
613 2445 662 2498 an
689 2443 768 2498 uon
792 2413 879 2500 hate·
895 2413 1117 2500 hominibus
1138 2416 1349 2526 peculia-tia
1388 2413 1523 2526 potiit·

274 2531 417 2638 juvent
433 2525 705 2638 propenfiones
727 2525 776 2608 ad
789 2525 1117 2630 benevolentiam,
1129 2553 1225 2634 quat
1247 2528 1423 2612 auitnal'ts
1450 2555 1521 2610 nan

274 2661 370 2724 turae
398 2635 546 2721 constat
571 2635 1051 2750 perpetubinelsetquim
1072 2665 1138 2738 eas
1148 2634 1355 2724 eradicent.
1368 2661 1436 2723 aut
1454 2641 1523 2724 κέ·

274 2749 489 2834 tundanti·

331 2859 371 2955 d.
402 2855 548 2938 XXIII.
585 2853 953 2943 Postulatmethodi
975 2855 1112 2946 nolirae
1125 2861 1228 2946 ratio
1240 2881 1286 2945 ut
1300 2887 1405 2948 nunc
1415 2889 1521 2948 non*

275 2966 381 3053 nulla
389 2967 651 3080 expendamus
660 2997 745 3079 quae
770 2967 969 3054 hominum
990 2969 1397 3084 torpoributproptia
1419 2969 1515 3074 sunt,

276 3079 539 3165 tit-videamus
561 3109 609 3163 an
632 3109 711 3163 non
726 3078 791 3163 illa
806 3079 980 3163 homines
990 3084 1136 3165 oaeteris
1151 3085 1377 3167 animalibus
1386 3082 1524 3194 aptio-3

275 3213 336 3271 tes
349 3189 491 3274 saciant
505 3188 874 3275 adbenevolentiam
887 3189 1170 3280 mutuamintet
1195 3195 1234 3278 se
1245 3189 1523 3302 exercendam,

134 3367 139 3376 .
277 3321 399 3412 atque
421 3298 521 3382 adeb
547 3300 595 3382 ad
610 3303 813 3386 societates
833 3299 953 3409 magis
971 3301 1436 3389 amicasconstitucndau?
1465 3304 1515 3384 ll·

274 3409 341 3493 lud
366 3429 496 3494 autent
523 3409 600 3494 hoc
613 3415 658 3496 in
679 3412 771 3498 loeo
779 3410 1043 3523 opportunibs
1060 3433 1230 3525 agemus,
1241 3417 1433 3528 quoniam
1442 3414 1524 3498 eti·

275 3547 337 3601 am
362 3522 440 3603 lt'aeo
472 3523 519 3602 iis
543 3543 772 3632 competunt
784 3545 973 3634 quatenus
984 3521 1076 3608 sunt
1101 3525 1306 3625 animaliat
1333 3523 1520 3636 adeoque

277 3629 549 3715 confidetanda
564 3631 652 3716 sunt
678 3661 761 3719 non
785 3655 909 3744 utper
932 3631 970 3717 se
992 3636 1207 3750 quicquam
1224 3632 1435 3737 efficientia,
1451 3633 1519 3720 sed

276 3761 322 3822 ut
342 3743 596 3847 cooperantia
634 3774 725 3830 cutn
741 3742 785 3826 iis
803 3773 886 3856 quae
911 3751 1087 3829 anteain
1108 3743 1524 3856 reliquia-'‘animalibua

277 3848 580 3954 observavimus,
610 3857 718 3941 unde
741 3879 797 3936 ex·
823 3851 941 3942 audiit
973 3855 1122 3942 viribus
1160 3853 1328 3960 ejusdem
1364 3859 1520 3968 generis

281 3955 470 4064 effebum,
488 3959 551 4047 sed
564 3966 757 4050 certius&
773 3966 1169 4079 majut,expc&emus·
1227 3966 1360 4052 Visum
1375 3967 1432 4054 est
1443 3971 1519 4053 ita·

276 4073 445 4190 qualite
470 4074 907 4186 coordiuedisponete
921 4103 1005 4191 quo
1017 4075 1208 4168 -sacillitue
1228 4077 1446 4172 reserantur
1466 4079 1517 4163 ad

543 4261 544 4266 a
1467 4217 1512 4278 ea
