3400 4566
287 159 351 266 Da
366 161 474 298 Lege
501 159 688 266 Natura
719 163 885 303 sitisque
910 165 1181 308 obligatione.
1230 91 1232 94 ·
1319 207 1375 310 ος
1385 227 1415 325 7

168 338 360 450 sui-ipsius
371 345 478 426 omni
500 359 677 451 exparte
694 339 915 442 soelicitate,
928 345 1134 454 quicquam
1157 351 1412 440 incommune

167 447 312 534 bouum
326 453 517 534 committi
531 447 658 560 poss'tt.
700 451 796 532 illud
810 477 910 533 nunc
930 481 1083 562 agamus
1095 483 1138 540 ut
1159 459 1263 546 clare
1278 487 1410 574 pateat

14 587 16 652 t
164 559 450 668 obligationem
468 561 516 644 ad
536 559 720 642 vitandos
739 559 925 666 ejusmodi
948 567 1048 648 alius
1071 573 1325 656 communiter
1339 601 1409 657 oo-

164 671 294 754 cuosb
309 669 530 778 ptaevifione
549 669 663 776 hujus
681 697 800 777 poenae
819 671 1075 784 innotescere,
1097 685 1140 762 8(
1155 680 1236 786 pari
1255 685 1407 768 ratione
1577 759 1579 764 .

163 783 186 864 ὲ
209 781 233 863 s
254 779 390 864 eboni
405 780 455 863 a'b
470 781 554 864 aliis
569 778 805 880 retribuendi
829 781 1023 884 probabili
1044 787 1196 870 ratione
1215 795 1304 876 nixi
1318 789 1403 878 sciti

56 923 60 928 ·
160 809 276 1000 posie
301 891 478 995 homines
501 888 664 1000 obligari
690 887 740 970 ad
774 888 868 972 alios
894 891 1099 1001 omnigeni
1125 895 1402 989 benevolentis

159 1002 438 1086 demetendos:
466 1000 570 1082 unde
595 998 784 1106 obligatio
815 995 1027 1086 deduceiut
1060 1003 1109 1086 ad
1131 1033 1269 1092 omnes
1295 1013 1402 1099 ailus

159 1111 313 1194 virtutis
332 1109 426 1223 (qui
450 1107 727 1194 benevolentia
757 1108 976 1194 universalis
1013 1115 1112 1197 varii
1136 1117 1283 1202 tantum
1313 1119 1400 1208 sunt

157 1217 304 1324 modi)
324 1221 563 1318 exerendum
591 1217 858 1303 &adomnia
897 1219 991 1304 vitia
1014 1222 1045 1330 (⁴
1055 1250 1217 1333 quatum
1245 1251 1395 1336 natura,

156 1331 361 1416 virtutibus
376 1329 555 1442 cognitis,
573 1329 693 1412 latete
706 1327 865 1437 nequit)
878 1329 1075 1439 fugienda.
1121 1333 1276 1446 Nempe
1295 1366 1393 1450 quo·

154 1447 259 1524 niam
285 1467 484 1550 poenarum
510 1437 921 1544 hujusmodievitatio,
941 1443 982 1522 ὃ(
1007 1443 1393 1548 premiorumconse.

152 1555 259 1633 cutio
278 1553 318 1633 in
332 1549 511 1636 essentiali
534 1573 725 1658 conceptu
741 1547 874 1631 nostrae
894 1547 1230 1664 soelicitatisquam
1251 1582 1392 1648 natura

152 1658 369 1746 necestitate
390 1659 605 1770 expetimus
633 1661 909 1754 continentum
937 1681 1078 1768 utpote
1100 1663 1262 1774 qua-est
1286 1697 1391 1754 com-t
1442 1725 1457 1740 -

150 1771 286 1880 pientio
302 1769 492 1857 bonorum
504 1769 766 1880 omniumquae
785 1767 968 1877 consequi
982 1769 1186 1878 possumus.
1218 1776 1388 1882 Motiva,

151 1903 195 1964 ut
215 1882 438 1990 loquuntur,
453 1877 515 1984 seu
532 1901 755 1984 argumenta
768 1876 858 1958 hinc
881 1881 961 1986 peti
979 1879 1028 1960 ad
1043 1879 1169 1988 Leges
1182 1881 1387 1972 observan.

147 1990 214 2074 das
236 1990 456 2076 concedunt
482 2013 626 2070 ornnes.
666 1987 754 2094 Ego
766 1984 863 2069 verb
876 1987 1154 2094 obligationem
1168 1991 1314 2098 Legum
1327 2002 1387 2078 ni·

147 2099 200 2182 hil
216 2099 319 2186 aliud
344 2097 421 2182 effe
435 2122 526 2180 reor
546 2121 679 2205 prater
699 2100 778 2178 vim
792 2093 939 2178 instram
960 2098 1131 2188 omnium
1153 2099 1308 2185 illorum
1322 2131 1386 2187 ar·
1508 2181 1511 2190 ,

145 2233 413 2322 gumentorum
439 2205 582 2318 quibus
602 2201 811 2316 Legiilator
833 2203 1001 2313 (Deum
1016 2209 1145 2317 puta)
1169 2211 1305 2322 utitur,
1334 2216 1384 2299 ad

143 2320 396 2406 universalem
419 2315 724 2404 benevolentiam
739 2312 980 2398 suadendam.
1006 2317 1181 2425 'Praemia
1206 2344 1331 2405 autem
1357 2326 1381 2410 b

143 2431 243 2515 tetta
271 2430 469 2515 hominum
490 2425 658 2510 Ratione
682 2424 889 2510 universali
907 2423 1188 2512 benevolentia
1215 2457 1380 2530 annexa,

141 2539 232 2626 ideo
244 2538 430 2666 precipue
446 2535 494 2618 ad
507 2534 783 2646 obligationem
797 2532 1048 2616 inducendam
1065 2536 1226 2646 faciunt,
1242 2541 1381 2652 quoni·

140 2677 200 2730 am
219 2653 421 2732 amicitiam
435 2644 585 2758 insuper
604 2645 684 2727 Dei
696 2641 871 2727 Reiioris
885 2635 1012 2724 summi
1026 2644 1244 2732 Rationalis
1265 2651 1289 2730 s
1307 2679 1379 2736 on·

139 2759 261 2856 dente
290 2783 409 2866 poenae
429 2775 554 2838 autem
569 2753 735 2840 imiliter
758 2752 809 2834 ab
835 2751 1133 2840 eademinflitiae
1146 2759 1236 2842 siant
1304 2761 1378 2842 ivi·

2 2927 16 2950 .
138 2864 549 2976 naeinsuperuindiiiae
616 2885 692 2964 tte
708 2859 884 2972 quaedam
910 2862 1238 2969 nuncsubeundae,
1254 2873 1295 2954 8(
1317 2867 1377 2955 su·

138 2997 230 3059 turae
255 2971 455 3060 certiffim'a
482 3000 554 3099 ptae
571 2976 670 3081 agia.
714 2973 835 3056 uecta
863 2973 967 3056 enim
1002 2975 1125 3062 Ratio
1143 2977 1182 3060 in
1208 2977 1302 3062 Deo
1324 2981 1375 3064 ab

140 3088 269 3170 eadem
295 3089 337 3168 in
357 3081 570 3196 hominibus
592 3083 733 3192 nequit
756 3071 973 3164 dismtne:
1004 3085 1114 3192 quod
1138 3089 1300 3172 naturali
1315 3089 1375 3172 iu·

139 3197 236 3279 mine
258 3195 345 3281 satis
360 3217 493 3280 notum
506 3195 585 3279 eise
605 3189 772 3278 ostendit
792 3187 888 3274 illud
910 3191 1109 3278 Ciceronis
1129 3198 1170 3280 in
1191 3195 1313 3306 primo
1325 3199 1372 3280 de

138 3309 305 3413 Legibus,
317 3303 385 3386 ubi
398 3304 527 3386 Deum
539 3298 740 3414 respiciens
756 3297 1085 3414 bocpronunciat.
1111 3307 1257 3422 Qibta
1270 3317 1372 3392 tatio

136 3415 429 3524 ficommttnia,
456 3415 590 3522 iisdem
611 3411 662 3503 d
682 3417 1009 3499 estimationem
1035 3413 1101 3525 effe
1124 3431 1366 3499 communem.

136 3525 227 3607 Nec
257 3527 343 3609 sane
376 3523 586 3714 quicgfiuam
622 3525 838 3645 intelligere
873 3523 1025 3714 guisum
1054 3527 1164 3638 quod
1198 3531 1368 3612 animum

103 3633 339 3718 'humanum
376 3662 470 3717 nece
514 3655 593 3716 tate
612 3634 688 3718 ulli
714 3629 871 3744 poiltta
906 3637 1057 3742 ringere
1080 3633 1101 3745 (
1113 3639 1153 3720 in
1177 3661 1254 3746 qua
1287 3633 1367 3718 vim

132 3743 376 3854 obligationis
400 3749 511 3852 ponit
540 3739 712 3827 definitio
736 3740 971 3851 justiniani)
1003 3771 1140 3852 prater
1163 3771 1366 3851 argumen-

132 3877 171 3935 ta
196 3853 345 3939 bonum
378 3877 442 3935 aut
476 3853 618 3937 malum
656 3877 706 3934 ex
744 3851 889 3934 aiiibus
916 3849 1055 3936 nostris
1082 3876 1366 3959 proventurum

128 3963 368 4061 indicantia3
393 3989 560 4074 quorum
594 3961 680 4046 ciam
711 3961 876 4044 maxima
907 3955 975 4044 lint
1008 3963 1089 4046 Dei
1127 3961 1264 4064 savor,
1298 3983 1366 4058 aut

129 4071 211 4182 ira,
244 4099 380 4160 eorum
418 4097 538 4158 nexus
568 4097 655 4158 cum
692 4069 834 4264 adigug
871 4071 1009 4160 nostris
1044 4069 1132 4160 satis
1162 4072 1367 4276 mugili
