3384 4578
658 177 783 293 redii
823 177 1018 285 Ratione.
1384 203 1447 336 '77

199 357 314 466 porei
331 354 369 438 in
392 375 540 439 mentes
566 348 713 437 nostras
732 353 812 434 vim
826 349 1041 460 hujusmodi
1056 379 1106 436 ex
1129 356 1357 444 mechanicis
1377 362 1451 446 Le·

198 465 307 574 gibus
320 464 566 548 necessariam
583 489 660 546 non
686 461 881 570 agnosco:
911 465 1037 550 fateor
1060 487 1293 552 tamencum
1322 477 1448 558 omni·

198 577 285 686 bus,
333 599 492 658 uantum
522 573 612 670 scio,
640 571 912 684 pbilosophis,
940 573 1079 660 animas
1105 577 1250 662 nostras
1286 579 1448 691 aliquali

198 717 291 770 nece
338 709 416 770 rate
438 684 532 771 ferri
558 682 753 790 in-primas
768 709 892 766 rerum
916 687 1192 797 cogitationes,
1216 697 1258 774 8<
1281 688 1379 778 boni
1404 693 1446 774 in

195 823 340 906 genere
360 791 747 922 uapperitumzmaliqs
774 793 912 901 sugam.
956 799 1119 907 Qrippe
1151 801 1335 884 diviniori
1360 803 1448 906 ejus

195 933 336 988 naturae
359 926 542 1013 ingenitus
563 929 677 1011 vigor
701 929 790 984 eum
812 932 890 986 non
904 907 1093 1012 permittit
1113 906 1262 1017 penitus
1283 930 1444 1022 torpere

194 1019 289 1100 nihil
314 1015 478 1124 agendo,
492 1042 564 1096 nec
579 1011 704 1120 potest
726 1013 834 1094 aliud
850 1041 967 1121 agere
993 1019 1109 1126 quam
1124 1017 1266 1125 (prout
1279 1025 1443 1106 materia

192 1121 478 1238 suppeditatur)
489 1124 721 1233 intelligere,
746 1125 847 1204 velle
860 1152 907 1206 ac
927 1127 1042 1226 nolle,
1059 1130 1106 1210 δι.
1115 1151 1242 1217 motus
1254 1131 1443 1239 quosdam

193 1239 380 1350 corporis,
393 1235 441 1316 ad
458 1233 668 1318 obrinenda
681 1259 764 1344 quae
780 1235 911 1334 vellet,
927 1235 1197 1330 determinare.

248 1350 286 1446 i.
302 1349 372 1426 lv.
402 1343 546 1428 Verum
557 1346 743 1454 quoniam
764 1345 886 1454 Leges
901 1346 1059 1430 Naturae
1077 1377 1122 1432 ea
1137 1347 1284 1438 rantum
1300 1349 1438 1454 jubent

190 1485 275 1568 quae
298 1458 347 1539 ab
360 1455 553 1538 astionum
579 1455 780 1564 principiis
802 1456 1024 1540 naturaliter
1039 1457 1148 1544 nobis
1167 1459 1280 1542 infitis
1294 1489 1437 1568 prove·

190 1563 273 1651 nire
301 1565 481 1677 poffunr'a
509 1562 603 1648 i'deo
629 1591 698 1674 par
713 1561 769 1646 est
793 1587 836 1648 ut
861 1565 1051 1652 starum&
1077 1569 1176 1651 vires
1205 1591 1281 1652 tam
1298 1575 1437 1658 mentis

166 1680 305 1790 ¹quim
329 1674 520 1788 corporis,
543 1699 624 1757 turn
638 1673 822 1783 figillarim
841 1697 922 1758 turn
944 1679 1179 1784 conjunctim
1197 1679 1349 1786 penitus
1376 1685 1435 1766 io·

188 1789 464 1898 trospicianrus‚
477 1807 521 1865 ut
535 1786 582 1888 ad
598 1785 695 1891 quid
710 1786 901 1894 agendum
920 1787 1086 1897 aprus-sit
1098 1788 1217 1874 horno
1237 1815 1286 1872 ex
1299 1791 1441 1886 intima

187 1897 238 1981 sui
250 1897 526 1981 constitutione
541 1895 655 1976 nobis
672 1893 896 1978 innotescat.
960 1903 963 1909 '
1422 1969 1426 1979 .

242 2011 417 2090 Mentem
432 2027 560 2084 autern
576 2002 695 2109 longe
714 2006 908 2108 majorem
925 2001 1023 2114 eise,
1038 2009 1079 2088 8<
1103 2005 1150 2090 ad
1167 2009 1314 2114 majora
1326 2036 1433 2090 crea.

183 2140 263 2200 tarn
303 2117 391 2199 u‘am
403 2111 567 2195 utunius
579 2109 792 2194 animalculi
804 2111 949 2197 tantum
961 2115 1050 2198 vitae
1062 2115 1211 2200 tuendae
1224 2115 1431 2221 deserviat,

183 2147 378 2309 clariflinia
396 2223 536 2306 indicia
551 2223 712 2304 veniunt
725 2224 970 2332 exponenda.
989 2251 1021 2273 ··
1092 2284 1095 2294 .
1478 2249 1485 2256 ·

209 2333 417 2448 Arqu‘e'hic
430 2333 602 2440 inprimis
615 2361 699 2418 non
708 2335 870 2417 tacenda
890 2335 945 2418 est
969 2357 1102 2420 natura
1117 2337 1201 2441 ejus
1212 2335 1428 2446 spiritualis,

181 2449 413 2556 incorporea
427 2447 466 2527 &
487 2444 585 2527 Deo'
593 2469 774 2553 cognata,
788 2471 883 2556 quae·
903 2442 1065 2528 officium
1090 2448 1254 2528 nobilius
1279 2446 1429 2555 flagitat

181 2562 390 2668 quimquae
405 2555 537 2637 animae
552 2555 664 2638 suillae
676 2558 927 2662 competitur
941 2552 1021 2636 salis
1033 2553 1149 2636 instar
1161 2557 1183 2638 ”a
1194 2583 1309 2636 carne
1322 2584 1434 2639 arce·

180 2665 480 2780 utputredinem.
510 2665 758 2748 Generaliter
770 2665 883 2744 etiarn
897 2658 1089 2748 observari
1103 2665 1241 2773 potest,
1256 2663 1441 2748 &deber

175 2777 434 2860 'doresanimae
446 2771 916 2881 longeminoressofficere
927 2772 978 2857 ad
990 2774 1107 2856 viram
1119 2775 1182 2856 diu
1195 2777 1426 2863 conservan-
1514 2783 1519 2797 ·

177 2889 264 2970 darn
285 2883 547 2995 quamquain
561 2883 717 2968 homine
730 2887 985 2994 reperiuntur,
1016 2885 1123 2993 quod
1133 2885 1266 2970 videre
1278 2888 1424 2970 licentio

175 2999 243 3082 lon
272 2997 363 3082 aevis
375 2994 520 3100 aliquot
544 2993 700 3078 Bmtiss
735 2993 958 3076 immo&in
971 2994 1186 3092 arboribus,
1201 3018 1242 3078 ut
1257 3022 1423 3108 quercu,

177 3023 315 3218 quifius
334 3107 418 3187 vita
428 3101 672 3210 diuturnaest
687 3104 762 3186 fine
776 3100 893 3203 sensu,
905 3103 1028 3188 multo
1042 3102 1161 3212 magis
1176 3105 1253 3186 fine
1263 3129 1392 3187 mente
1409 3133 1434 3186 ε.

177 3213 291 3298 immo
304 3217 345 3297 8(
356 3213 493 3296 meotis
510 3212 643 3294 nostrae
661 3241 822 3298 acumen
836 3218 965 3296 nonin
979 3212 1242 3297 eoeonfistere
1256 3236 1299 3296 ur
1330 3241 1423 3324 pro·

173 3329 372 3434 spiciamus
383 3347 553 3449 quaenam
568 3321 1043 3426 Alimenra5Medicamina,
1057 3322 1270 3424 Exercitia,
1282 3324 1422 3440 &mad

175 3437 387 3544 longaevam
398 3459 435 3516 rn
448 3434 522 3515 hac
538 3429 700 3516 statione
717 3437 1063 3519 commorationem
1078 3435 1242 3532 faciunt,
1269 3461 1355 3517 nam
1374 3431 1432 3518 in»-

175 3543 236 3626 his
252 3546 345 3626 mire
360 3543 564 3628 caecutiunt
587 3542 701 3623 etiam
717 3539 999 3651 prestantiffimi
1015 3543 1270 3642 Medicorum,
1289 3541 1351 3624 sed
1377 3548 1431 3628 in·

173 3654 216 3737 iis
227 3653 352 3763 potius
363 3658 531 3738 eminere
541 3679 627 3762 quae
644 3653 692 3736 ad
705 3653 880 3736 Numinis
892 3655 1145 3762 agnitionem,
1158 3682 1204 3736 ac
1216 3655 1417 3757 cultum&

173 3763 590 3874 Moralem,Civilemq5
604 3761 1012 3866 doerinamspeuant„
1031 3763 1173 3847 Verum
1199 3764 1297 3849 hanc
1320 3769 1416 3849 Pro·

175 3873 336 3956 vinciam
351 3875 503 3957 ornavit
521 3873 736 3984 egregie&
752 3871 803 3954 ab
818 3871 963 3954 Hobbii
976 3872 1229 3958 invafionibus
1241 3873 1417 3960 defendit

163 3981 282 4064 'Cian
297 3983 367 4064 θ’.
387 3981 550 4066 Wardus
564 4009 665 4068 nunc
677 3985 784 4066 Rev.
804 3981 1015 4092 Episcopus
1025 3984 1306 4068 sarisburienfis
1320 4006 1419 4086 prae·-

172 4113 237 4180 ter
247 4093 338 4176 alios
357 4095 690 4206 ram-hujusquim
705 4094 932 4310 anriqluioaris
945 4095 1074 4182 Saeculi
1088 4091 1368 4276 Philosophsslsqd³
1371 4191 1400 4275 ss
1399 4236 1429 4256 δ
