3410 4574
336 133 399 234 De
415 129 525 270 Lege
535 127 725 233 'Natura
753 123 922 272 ejusque
948 51 1217 266 obligatione..
1360 171 1449 274 193

210 299 297 389 Hoc
313 301 966 418 enimpadoQtaestiouesmorales
980 308 1021 389 δι
1044 301 1207 412 politicae
1230 308 1280 394 de
1302 309 1381 402 fine
1404 324 1446 404 8<

204 417 353 517 mediis,
379 415 417 500 in
433 415 614 499 terminon
640 413 1013 499 vertunturPhiloso
1044 413 1102 495 his
1122 421 1358 505 naturalibus
1371 425 1443 507 ust-

203 543 317 625 tator,
346 526 410 608 Au
431 521 976 610 haecausaeefficienteshunce
1009 523 1132 606 ectum
1145 529 1359 632 producere
1374 562 1443 618 va·

200 635 320 737 leant,
342 639 497 720 necne.>
526 632 756 740 Huiusmodi
770 654 899 714 autem
918 629 1192 742 quaestionibus
1218 637 1437 750 responsum

199 741 317 827 detur
338 741 636 830 demonstrabile
647 768 698 828 ex
725 741 818 826 olim
832 741 1039 828 observata
1059 741 1312 832 humanorum
1337 750 1440 834 adu·

200 878 265 934 um
277 851 456 954 efficacia,
474 851 725 964 spectatorum
738 875 820 934 tum
842 851 976 962 perse,
996 875 1078 936 tum
1092 855 1133 934 iu
1154 859 1338 943 concursu
1351 888 1437 946 cum

197 962 279 1046 aliia
290 963 491 1066 Causu,iit,
505 989 591 1073 quae
603 989 705 1052 nunc
718 986 930 1075 ponuntur,
944 991 1023 1046 non
1034 959 1272 1050 absimilibus.
1287 971 1436 1074 Qranr·

194 1073 259 1154 vis‘
290 1076 406 1178 eninr,
437 1072 530 1156 dum
552 1071 818 1172 deliberamus,
855 1070 969 1180 liberi
1000 1073 1142 1160 merito
1179 1076 1365 1178 dicamur,
1390 1083 1432 1165 8(
1515 1148 1520 1162 .

194 1178 352 1268 effcdu's
365 1179 608 1295 postmodum
634 1183 657 1267 ἒ
684 1183 822 1268 uostris
845 1181 988 1268 aurbu·
1010 1185 1146 1284 futuri,
1157 1183 1225 1268 res
1242 1185 1433 1272 eduilliut

190 1291 392 1394 libertatis,
418 1293 524 1378 omni
540 1295 625 1400 jure
636 1291 814 1376 dieantur
825 1293 1115 1402 contingentem
1155 1217 1356 1408 podquam
1372 1319 1431 1381 ta·

190 1431 278 1486 men
304 1432 373 1488 nos
400 1403 739 1486 determinavimus
763 1402 812 1487 ad
834 1402 1050 1512 agendum‚'
1065 1428 1186 1490 nexus
1214 1407 1430 1491 interadur

188 1513 415 1616 nostrum&
441 1507 596 1598 effertus
628 1539 761 1598 omnes
786 1511 876 1598 iudc
889 1511 1098 1622 pendentes
1117 1515 1341 1600 neceffarius
1355 1517 1427 1625 est,

185 1650 233 1705 ac
269 1623 382 1733 pland
408 1622 602 1723 naturalis,
637 1621 739 1708 aded
770 1648 820 1708 ue
856 1619 1175 1709 demonstrationi
1209 1624 1425 1732 subjedurt

184 1733 294 1845 quod
320 1733 457 1824 videre
479 1733 570 1816 licet
586 1733 638 1814 'in
665 1653 926 1818 effedionibus
947 1731 1219 1838 Geometticis,
1233 1761 1321 1846 quae
1344 1765 1423 1824 non

182 1841 305 1930 minius
328 1842 452 1928 libere
475 1839 588 1946 fiunt,
609 1842 726 1948 quam
748 1841 826 1924 aliae
866 1843 1011 1946 quavis
1036 1845 1200 1930 adiuuet
1232 1846 1419 1943 humanae.

180 1951 359 2064 Ideoque
381 1947 708 2060 quemadmodum
733 1947 973 2057 longasetics
995 1953 1348 2062 consequentiarum
1362 1955 1421 2035 ul·

179 2079 242 2146 tn
263 2062 368 2169 spem
397 2058 677 2169 imperitorum,
697 2055 747 2140 de
769 2057 920 2142 ratione
944 2060 1145 2158 linearum,
1165 2083 1232 2144 aut
1257 2089 1305 2144 an
1361 2065 1421 2148 lo·

176 2199 265 2259 rum
278 2173 377 2256 inter
399 2167 436 2252 se
459 2167 598 2252 deduci
613 2165 740 2275 potest
762 2165 1076 2271 demonstrative,
1088 2197 1138 2252 ex
1149 2171 1290 2282 eoquo
1331 2175 1420 2284 quit

176 2308 322 2390 paucas
348 2281 467 2366 lineas
482 2277 640 2360 duxerit
654 2276 768 2380 juxta
782 2278 966 2385 praxesin
986 2279 1210 2365 Geometria
1252 2281 1417 2394 raescrip·

174 2388 259 2476 tas:
285 2391 376 2476 itte
399 2385 597 2499 principiis
609 2385 866 2497 Physrologiae
879 2387 1130 2474 demonstrati
1143 2418 1196 2500 po
1228 2413 1296 2474 unt
1315 2396 1418 2476 mul·

171 2521 216 2586 ta
227 2499 480 2584 consecutura
501 2498 624 2602 adum
644 2495 847 2580 humanum
870 2520 1017 2582 motum
1037 2503 1319 2609 imprimentem
1341 2531 1414 2588 no·

171 2633 257 2696 tum
282 2612 441 2721 corpori
454 2610 549 2694 intra
560 2605 862 2718 notumsystema
874 2607 1033 2692 aliorum
1058 2634 1128 2693 cor
1157 2637 1294 2710 orum3
1322 2613 1413 2696 ade·

169 2721 278 2832 dque
301 2722 399 2829 [τρὶ
421 2717 515 2830 quid
527 2716 691 2806 hominis
714 2717 816 2826 vitae‚
839 2718 1098 2804 membrorum
1119 2637 1286 2818 (inituri,
1310 2723 1411 2806 inte·

167 2829 304 2941 gritati
322 2833 364 2912 8<
388 2827 632 2915 locomotivae
658 2825 850 2912 facultati
874 2829 936 2937 (in
959 2830 1068 2936 cujus
1091 2829 1159 2914 usu
1181 2829 1337 2916 libertas
1349 2834 1409 2916 in·

166 2939 424 3025 carcerationi
448 2936 621 3048 opposita
641 2935 833 3041 cernitur)
856 2961 924 3029 aut
946 2937 1060 3024 etiam
1085 2937 1197 3022 bonis
1216 2967 1300 3049 quae
1321 2945 1409 3052 quir

89 3063 100 3092 ⁹
160 3049 332 3160 poffidet
356 3075 498 3134 noxam
519 3043 677 3132 afferett
702 3045 851 3158 quidve
877 3045 1014 3132 contra
1028 3049 1068 3130 in
1090 3045 1314 3156 cujuspiam,
1338 3075 1405 3132 aur

68 3185 70 3188 ·
166 3161 335 3290 plurium
360 3157 472 3243 cedet
495 3157 804 3242 emolumentum.
862 3157 990 3256 Evicit
1003 3177 1130 3240 autem
1142 3151 1197 3264 (fi
1220 3159 1313 3267 quid
1326 3185 1403 3266 ego

160 3271 333 3378 iudico>
349 3267 585 3379 praestantior
613 3264 853 3377 physrologia
873 3267 1105 3351 mutationes
1115 3293 1251 3362 omnes
1262 3295 1403 3379 corpo·

163 3409 249 3464 rum
276 3382 470 3493 omnium,
490 3381 607 3462 etiam
634 3377 905 3478 humanorum,
928 3403 1014 3490 quae
1029 3377 1080 3460 ab
1104 3375 1211 3461 extra
1242 3377 1401 3464 veniunt

162 3489 273 3596 (nam
296 3488 531 3602 excipienda
544 3489 630 3572 sunt
648 3488 981 3576 determinationes
995 3487 1044 3570 ab
1058 3491 1207 3570 interna
1220 3489 1401 3573 volunta·

161 3603 215 3681 tis
241 3598 441 3708 libertate)
465 3597 543 3680 five
568 3595 764 3700 inmeliuc,
794 3597 872 3682 five
892 3597 1063 3682 deterius
1086 3591 1170 3678 fieti
1196 3595 1398 3683 secundum

159 3737 207 3792 ea
220 3707 272 3791 de
285 3732 389 3792 motu
401 3715 659 3816 theoremata,
670 3737 753 3819 quae
766 3736 838 3821 per
850 3706 1328 3814 AualyfinGeometricam
1341 3707 1399 3792 iu·

159 3819 424 3920 veniuntur,&
434 3817 755 3906 demonstrantur.
814 3817 1184 3919 Paucafateorsunt,
1208 3817 1397 3904 licetma·

157 3929 224 4036 gni
238 3933 436 4030 momenti,
452 3927 668 4122 offaeadhuc
682 3957 726 4011 ea
750 3931 799 4015 de
812 3956 856 4012 te
876 3925 1223 4017 fuerintexhibitar
1248 3923 1395 4014 ostensa

450 4063 466 4123 t

156 4061 291 4122 tamen
314 4039 368 4125 est
388 4067 448 4126 rue
494 4037 595 4126 udus
613 4063 759 4148 motus,
786 4038 1030 4228 quargumvir
1060 4037 1284 4146 implicatos,
1316 4033 1394 4222 call·

933 4175 954 4231 c
1302 4167 1399 4224 cuo
