3392 4572
267 165 390 322 ‚38¹6
764 165 1059 312 Consediarias·

290 357 346 441 est
371 356 592 441 Commune
608 349 775 460 Bonum,
800 346 877 432 fine
899 347 970 432 tali
1000 343 1316 434 subordinatione
1345 347 1452 436 certa
1479 375 1541 432 ra·

292 475 402 554 tione
429 458 638 576 procurari.

345 578 385 658 N
416 575 470 656 lui
495 598 623 653 tamen
651 567 813 675 rejicere
846 569 1016 676 priorem
1041 563 1324 669 dedunionem,
1354 569 1542 676 quoniam

293 606 481 798 aliquilsus
510 675 667 762 fortalse
679 699 826 783 gratum
841 678 915 758 erit
942 675 1074 759 videre
1091 677 1294 787 aliqualem
1310 677 1386 761 elle
1399 703 1541 760 nexum

294 803 398 884 inter
413 786 711 898 Phyfiologiam,
737 793 778 872 δι
794 782 1030 894 disciplinam
1045 783 1224 869 Civilem.

351 899 610 986 Nihilominus
632 921 851 1008 quanquam
878 893 1076 978 neceffitas
1105 896 1252 980 ordinis
1285 892 1547 980 constituendi

297 1039 343 1100 ut
359 1015 485 1124 plures
498 1005 677 1112 foeliciter
689 1004 789 1086 vires
803 1001 882 1086 suas
896 1003 1027 1087 uniant
1039 1002 1077 1085 in
1094 1033 1235 1114 magno
1249 1008 1392 1118 quovis
1404 1000 1549 1087 effeuo

298 1118 559 1217 conficiendo,
583 1141 634 1198 ex
665 1112 883 1220 hujusmodi
904 1116 1103 1224 principiis
1133 1115 1384 1198 demonstrari
1407 1109 1550 1223 pollrt3

301 1229 347 1316 ea
363 1254 492 1314 tamen
514 1253 592 1310 non
618 1225 704 1306 hinc
731 1221 895 1332 primum
923 1223 976 1304 ab
992 1224 1208 1308 hominibus
1222 1222 1392 1332 discitur,
1420 1223 1487 1308 sed
1500 1249 1551 1304 ex

301 1341 428 1428 obviis
449 1331 927 1448 quotidieexperimentis,
941 1334 1066 1458 qualia
1080 1335 1171 1416 aute
1182 1331 1438 1444 suggeffimus.·
1559 1391 1562 1403 ·

317 1451 336 1479 ”
358 1445 534 1532 Dedulla
559 1443 792 1551 generaliter
807 1441 1022 1548 Regimrnia
1039 1441 1256 1526 neceffitate
1278 1449 1432 1550 exejus
1456 1437 1551 1542 line,

304 1559 414 1644 facile
438 1551 714 1662 haeeapplicari
726 1571 912 1661 poterunt
924 1551 1096 1659 regimini
1109 1551 1320 1638 domestico
1344 1553 1410 1634 seu
1439 1553 1553 1635 fami·

305 1671 380 1766 liae,
398 1673 452 1752 ·&
477 1664 618 1747 deinde
632 1657 808 1764 regimini
822 1660 958 1768 Civili,
980 1683 1023 1742 ut
1037 1659 1421 1772 partesoptimifinis
1445 1657 1553 1742 obti-

307 1799 490 1860 neantur:
520 1797 660 1880 nempe
672 1767 861 1851 Foeli'citas
878 1770 1113 1853 Familiarum
1128 1773 1269 1882 primo,
1286 1799 1377 1857 mox
1399 1769 1556 1855 Civita-

305 1909 403 1986 tum,
429 1881 582 1966 tandem
605 1876 908 1962 verouniverfi.
941 1943 950 1961 .

361 1997 398 2092 l.
415 1997 486 2076 Vl.
514 1995 602 2098 Ego
615 1989 665 2072 de
686 1985 743 2068 his
756 1987 832 2069 hoc
847 1987 993 2074 tantitm
1007 1989 1197 2096 adjiciam,
1225 1990 1334 2102 qudd
1355 1991 1553 2094 Qemad·
1607 2079 1610 2086 ,

307 2103 465 2188 modum
491 2107 531 2185 in
556 2101 782 2182 Geometria
801 2101 964 2206 primum
989 2097 1311 2186 subordinatiouis
1331 2103 1555 2211 exemplum

309 2213 364 2295 est
383 2215 480 2294 inter
495 2211 750 2306 duosmotus,
774 2235 940 2320 quorum
954 2209 1049 2292 alter
1063 2211 1250 2296 abaltero
1262 2215 1426 2320 regitur,
1452 2211 1557 2296 ordo

309 2348 437 2408 autem
460 2318 577 2428 magis
598 2317 822 2426 conspicuus
848 2345 893 2398 ac
913 2317 1094 2403 notabilis
1125 2319 1181 2402 est
1201 2319 1286 2403 ciam
1310 2321 1412 2405 iuter
1425 2321 1557 2404 causas

311 2433 432 2544 pauli>
445 2433 574 2542 plures
589 2425 792 2510 exhibetur
814 2425 1106 2516 sn'bordinatio:
1134 2431 1192 2511 lta
1213 2429 1300 2512 etim
1322 2430 1374 2513 de
1394 2430 1559 2514 hornini-

309 2545 384 2625 bus
403 2545 546 2651 agitur,
577 2537 740 2647 primum
765 2536 926 2648 quidem
950 2543 1167 2647 exemplum
1189 2539 1336 2624 ordinis
1352 2538 1435 2624 elle
1458 2541 1558 2624 inter

310 2653 437 2734 virum
465 2679 510 2733 ac
535 2647 747 2747 foeminam,
775 2649 814 2729 in
836 2673 915 2756 qua
943 2650 1169 2734 naturaliter
1195 2651 1257 2731 vir
1279 2647 1334 2732 est
1362 2650 1558 2760 superior,

310 2781 449 2867 utpote
465 2759 533 2868 qui
559 2757 788 2864 plerumque
807 2761 974 2864 majores
987 2755 1127 2842 habeat
1142 2759 1355 2844 intelledtds
1371 2762 1489 2860 vires,
1514 2766 1556 2844 &

312 2871 434 2976 majus
452 2867 628 2971 corporis
645 2863 776 2964 robur,
790 2864 969 2976 adedque
985 2867 1068 2977 plus
1086 2867 1236 2953 confert
1250 2871 1300 2954 ad
1315 2865 1495 2958 effectum
1509 2893 1557 2952 ex

311 3003 445 3064 eorum
474 2975 660 3062 societate
685 2969 901 3084 quaefitum,
932 2975 1153 3062 Commune
1176 2981 1324 3066 scilicet
1357 2982 1556 3092 utriusque

313 3090 464 3174 bonum
478 3087 514 3169 in
528 3084 642 3167 rebus
654 3081 770 3166 Sacris
783 3087 825 3170 8(
842 3085 1020 3169 humanis.
1055 3088 1313 3175 Nihilominus
1324 3089 1445 3198 magis
1465 3119 1557 3176 cou-¹

312 3198 486 3306 'spicuum
499 3192 555 3276 est
573 3197 779 3305 Imperium
793 3215 1010 3305 paternum,
1034 3197 1238 3310 postquam
1258 3203 1369 3284 liberi
1386 3203 1408 3284 ὲ
1423 3203 1557 3308 priore

314 3309 377 3388 illa
403 3307 599 3388 Societate
625 3304 706 3386 nati
730 3304 886 3387 fuerint.
929 3307 1106 3418 ldedque
1137 3313 1224 3396 hinc
1250 3310 1473 3398 sumendum
1500 3309 1559 3396 est

319 3415 528 3524 exemplar,
558 3411 648 3496 hinc
662 3414 777 3496 etiam
791 3412 954 3519 petenda
966 3418 1021 3500 est
1037 3449 1128 3502 vera
1143 3428 1258 3531 origo
1268 3415 1467 3530 potestatis
1481 3441 1559 3502 tam

310 3524 467 3620 mnus,
495 3522 611 3630 quarn
634 3519 910 3604 Eccleliastieae.
954 3529 1174 3639 Utramque
1186 3537 1288 3616 enim
1300 3559 1336 3614 ro
1356 3549 1469 3636 patre
1485 3527 1561 3638 pri·

313 3635 383 3715 πιὸ
397 3629 512 3716 fuine
538 3627 687 3712 neceffe
702 3653 799 3730 erat,
828 3655 988 3744 propter
1013 3635 1127 3720 finem
1149 3669 1264 3750 quem
1285 3639 1369 3725 dini
1389 3636 1559 3728 neceffn

317 3747 451 3838 rium3
479 3763 599 3849 atque
630 3739 730 3822 aded
752 3741 907 3828 Familia
931 3745 1051 3852 prima
1075 3771 1161 3834 erat
1175 3753 1344 3837 Societas
1367 3749 1558 3848 ordinata,

292 3939 296 3958 ἢ
318 3853 441 3961 prima
470 3849 547 3932 scil.
563 3847 731 3952 Civitas,
768 3852 967 3964 prima‘que
993 3855 1099 3942 fimul
1124 3859 1306 3944 Ecclefia..
1359 3860 1420 3939 Ex
1444 3859 1560 3944 aunis

317 3983 446 4043 autem
468 3959 717 4044 innumerum
735 3959 895 4064 familiis,
921 3965 1171 4054 innumerum
1194 3974 1338 4080 pariter
1351 3989 1560 4053 creverunt

320 4067 762 4178 nivnatouucclefiae.
776 4069 911 4186 Atque
925 4076 1002 4162 haec
1015 4081 1100 4176 sane
1114 4103 1155 4170 ut
1168 4107 1402 4182 tumnatura
1416 4107 1558 4176 rerum,

1381 4190 1560 4301 sedique
1677 4215 1678 4264 ι
