3400 4566
135 149 138 156 ⁴
298 131 398 258 258
511 43 732 264 *Detege
746 117 932 228 Natura
949 117 1117 260 sitisque
1132 118 1420 264 obligationes

297 312 407 443 de
433 311 548 440 ipsius
571 309 789 396 authoritas
811 303 983 409 suadeat,
997 334 1082 418 quae
1103 303 1158 390 est
1173 335 1266 390 vera
1279 297 1414 392 nantia
1429 307 1552 434 Oblif·

345 451 475 508 tronis.

295 455 568 618 gaMeminisse
590 530 742 616 interim
766 548 931 640 oportet·
953 527 992 608 in
1014 525 1253 638 praemiorum
1275 557 1319 612 ac
1345 558 1543 640 poenarum

296 642 445 728 censum
480 643 683 727 referenda
702 631 778 722 effe
799 637 929 724 omnia
956 637 1021 720 illa
1045 635 1151 721 bona
1172 661 1239 721 aut
1258 641 1357 723 mala
1381 669 1465 752 quae
1491 667 1542 724 ex

138 777 143 786 '
298 749 539 839 ordinatione
564 751 712 836 Divina
738 753 777 832 in
804 775 932 832 rerum
950 747 1104 830 Natura
1124 745 1328 856 conspicui
1349 753 1545 834 cohaerent

176 3611 179 3618 '
310 3599 451 3702 studio,
478 3621 672 3713 nunquam
698 3601 784 3684 hinc
805 3600 936 3686 deeffe
957 3601 1029 3686 tibi
1048 3601 1173 3714 potest
1185 3607 1344 3693 idoneus
1368 3639 1390 3690 a

298 887 385 948 cum
399 863 541 950 aiiibus
552 861 684 944 liberis
701 859 749 944 ad
761 860 907 943 bonum
920 879 985 940 aut
998 859 1140 940 rnalum
1155 885 1358 941 commune
1377 859 1544 972 specian-

298 976 429 1058 t'rbus:
459 977 550 1056 Sive
570 995 617 1052 ea
633 969 830 1054 connexio
846 966 888 1050 stt
902 966 1133 1076 immediata,
1156 989 1198 1050 ut
1214 967 1300 1054 cium
1322 969 1422 1054 aiius
1444 969 1542 1081 quis·

300 1088 404 1194 piam
425 1083 519 1166 Deo
537 1077 773 1164 honorificus
793 1073 1016 1188 pluribusve
1037 1075 1374 1164 hominibusutilis
1385 1105 1555 1194 propter·

300 1193 545 1280 intrinsecam
570 1215 687 1301 quam
712 1190 952 1300 experientia
974 1185 1144 1272 omniurn
1172 1183 1347 1298 degustat
1375 1191 1543 1274 dulcedi·

300 1331 386 1386 nem
400 1300 640 1386 suumsecum
664 1295 765 1382 serat
789 1297 982 1409 praemium
1004 1297 1195 1406 (exempli
1214 1301 1340 1410 gratii
1358 1297 1557 1384 sumamus

300 1409 507 1498 utiliffimas
524 1411 696 1522 quasque
710 1407 1077 1518 contemplationes,
1103 1427 1168 1489 aut
1190 1411 1334 1493 amoris
1357 1437 1446 1518 erga
1462 1409 1541 1490 De·

297 1551 365 1606 ¹urn
390 1521 634 1632 hominesque
657 1519 909 1602 exercitium:
937 1539 1004 1600 aut
1025 1517 1047 1600 ὲ
1069 1517 1204 1604 contri
1218 1517 1374 1604 dolores
1391 1521 1491 1622 illos,
1504 1523 1543 1604 &

300 1631 541 1740 aegritudines
565 1630 694 1736 animi,
715 1656 800 1739 quae
826 1623 994 1728 invidos,
1016 1627 1233 1729 iracundos,
1252 1633 1294 1713 8<
1314 1657 1444 1714 omnes
1467 1659 1552 1712 ma·-

300 1740 452 1826 levolos
472 1739 698 1823 distruciaut
712 1766 724 1820 s
737 1735 855 1842 ‚isne
869 1733 1066 1820 connexio
1089 1736 1154 1818 ilia
1166 1737 1335 1822 mediata
1353 1738 1414 1848 fit,
1435 1741 1541 1826 itaut
1687 1783 1688 1836 3

302 1852 406 1934 bona
430 1868 498 1934 aut
520 1850 617 1932 mala
630 1849 735 1932 astus
759 1845 907 1938 nostros
917 1845 1200 1956 consequantur
1220 1849 1439 1933 interventu
1459 1850 1542 1937 lou·
1686 1845 1688 1920 ἶ

303 1963 421 2071 gioris
443 1960 553 2046 seriei
576 1961 788 2058 causarum,
807 1955 884 2040 five
901 1957 974 2040 '111ae
996 1953 1139 2038 fuerint
1159 1955 1396 2070 neceffariae5
1409 1955 1486 2044 five
1501 1961 1543 2043 li·
1686 1955 1688 1964 ’

304 2067 593 2169 berae,.utci1m
622 2096 670 2151 ert
684 2065 1001 2152 confilioentium
1024 2066 1301 2169 Rationalium,
1324 2069 1404 2152 Dei
1422 2067 1543 2156 horni-
1687 2077 1688 2150 J

305 2179 464 2280 ntimve,
490 2179 634 2288 aliquid
660 2207 778 2288 poenae
795 2197 863 2256 aut
882 2171 1064 2258 mercedis
1088 2177 1244 2262 nomine
1266 2177 1444 2284 adjicitur
1457 2181 1568 2266 aut·
1686 2189 1688 2226 i

305 2290 376 2374 bus
391 2286 578 2372 humanis.
625 2287 706 2366 Dei
718 2308 846 2370 autem
858 2285 1017 2369 eonfitio
1040 2312 1170 2392 poenas
1193 2317 1238 2371 ac
1257 2289 1408 2398 praemia
1432 2291 1555 2376 etiam·
1687 2297 1689 2366 ἶ

221 2395 231 2414 '
306 2398 394 2511 pust
411 2415 575 2482 mortem
590 2394 773 2498 distribui,
785 2395 967 2480 naturalis
988 2390 1182 2480 hominurn
1202 2397 1244 2480 id
1260 2397 1475 2484 nolentium
1486 2431 1543 2488 ra·
1688 2399 1689 2454 3

306 2512 368 2594 tio
383 2506 629 2616 persentiscit.

362 2619 590 2702 carendum
617 2638 752 2727 autem
768 2615 824 2698 est
849 2615 1038 2726 praecipui.
1073 2615 1122 2700 ni
1161 2619 1182 2702 ὲ
1211 2617 1300 2701 solis
1327 2621 1549 2708 extrinsecis-

307 2729 350 2811 &
373 2725 687 2834 contingentibus
710 2725 782 2806 hcc
808 2729 849 2809 in
881 2727 958 2808 vita
980 2727 1102 2835 poeuis
1126 2727 1365 2837 praemiisque
1386 2727 1543 2818 sarnum

284 2860 396 2918 -nem
419 2833 534 2944 Legis
558 2833 758 2918 Naturalis
783 2835 998 2918 meriamur.
1039 2835 1128 2920 Hoc
1153 2841 1254 2920 enim
1284 2837 1388 2923 effer·
1407 2843 1544 2927 indicia

308 2943 557 3054 obligationis
577 2943 694 3054 longe
717 2943 882 3026 maxima
900 2927 1109 3054 neglissere,
1132 2948 1236 3031 unde
1264 2976 1428 3058 pronum
1456 2951 1548 3036 effer

309 3076 393 3137 earn
410 3077 686 3152 contemneret
712 3059 753 3144 8<
776 3051 1015 3164 nquiorboni
1029 3053 1230 3140 fecerimus
1255 3084 1303 3141 ex
1329 3057 1466 3145 horum
1489 3053 1548 3146 so·

309 3165 508 3250 rumnodo
531 3167 725 3252 bonorum
754 3164 839 3272 spe,
857 3186 920 3247 uut
940 3165 1126 3247 malorum
1149 3189 1269 3269 metu,
1294 3165 1431 3276 abjecti
1455 3172 1550 3258 illud

309 3271 404 3357 effer
429 3274 543 3358 auinri
569 3275 712 3385 figoum
738 3277 779 3356 8(
800 3273 1036 3356 mercenarii.
1081 3271 1173 3358 Atfi
1194 3273 1345 3390 insuper
1357 3281 1550 3366 intentum

309 3383 405 3467 iliud
425 3413 508 3494 quo
532 3379 642 3466 Mens
665 3376 938 3470 cohonestatur
962 3385 1156 3492 praemium
1184 3391 1226 3474 8(
1260 3409 1443 3474 aeternum
1472 3387 1551 3474 Dei

309 3491 488 3578 favorem
512 3491 754 3601 quaesiverint
780 3491 871 3574 durn
895 3493 950 3575 illi
977 3495 1202 3605 cooperaris
1223 3501 1264 3584 in
1285 3497 1379 3582 boni
1393 3497 1553 3690 1fublici

1432 3637 1553 3704 vrrtue

307 3729 388 3792 tem
413 3711 601 3812 stimulus,
625 3715 667 3796 8<
693 3731 845 3798 omnem
866 3705 928 3794 sus
950 3713 1115 3798 icionem
1141 3719 1228 3802 vilis
1244 3721 1362 3804 animi
1375 3721 1551 3807 evitabit.

309 3817 603 3948 Honestatcerte
626 3825 711 3906 sunt
736 3823 887 3949 hujusm
945 3824 958 3903 i
979 3821 1128 3932 praemia

310 3933 660 4129 statuun-
688 3886 1556 4138 ¹>nrtrestincturum

384 4106 386 4108 ’
851 4101 865 4145 2

1332 4153 1560 4247 Communis

1171 3829 1280 3934 praxi
1296 3829 1556 3920 virturissem·
1626 3901 1633 3916 .
