3392 4572
297 207 391 309 330
666 171 731 272 De
773 166 1150 306 origintDominii
1180 179 1231 275 (9

293 333 621 433 nmovortm'lmz
646 337 780 426 verbm
791 340 908 422 etiam
923 336 1029 448 quod
1042 337 1107 420 ille
1122 335 1293 420 demica
1307 337 1477 446 cujusvis
1490 341 1544 424 ci·

292 459 419 542 vitate
446 451 735 564 pronunciavit,
757 449 1019 560 ampliandum
1044 446 1186 534 censeo
1208 445 1256 532 od
1281 447 1542 558 ampliffimam

192 661 195 666 ,
293 569 464 652 omnium
496 563 760 648 Rationalium
786 561 1019 644 Societatem
1046 553 1069 666 (
1081 583 1199 668 quam
1223 557 1435 644 Civitatem
1462 561 1541 646 Dei

294 674 489 784 dixerim)
518 681 558 760 b<
589 671 925 757 non‘limitnndnm
950 668 1027 754 else
1049 667 1199 754 tantbtn
1223 669 1272 752 ad
1293 669 1440 756 Politiae
1463 671 1538 758 fot·

291 813 392 870 mam
417 790 458 870 io
480 813 557 898 qna
578 781 718 870 divilio
750 783 1034 891 ptaecipuotum
1058 777 1276 864 officiorum
1301 782 1538 886 continetur,

290 897 359 980 sed
378 895 664 982 extendendum
693 892 742 976 ad
764 893 934 978 omnium
961 891 1119 976 omnino
1143 917 1268 974 retum
1284 889 1540 978 divisionem:

292 1027 414 1118 atque
436 1008 478 1092 in
505 1005 577 1088 hac
593 1003 793 1088 latitudine
825 997 1061 1086 offerendum
1097 1000 1252 1106 censeo,
1293 998 1443 1107 Justum
1467 1005 1540 1088 elle

291 1139 336 1202 ut
347 1119 501 1230 antiqua
511 1115 649 1201 divisio
661 1113 915 1200 dominiorum
931 1111 969 1194 in
983 1112 1064 1194 Res
1089 1114 1131 1196 8<
1152 1109 1353 1214 Personas,
1376 1135 1462 1198 tam
1485 1116 1540 1200 in·

289 1248 351 1312 tra
375 1228 544 1339 populos
564 1225 748 1324 diversos,
773 1223 888 1334 quim
914 1222 952 1306 in
985 1219 1135 1330 lingulis
1149 1219 1387 1306 Civitatibus
1409 1224 1541 1314 invio·

291 1339 369 1422 lata
391 1340 656 1426 consetvetur.
697 1335 804 1418 Illam
838 1331 939 1416 enim
960 1335 1003 1415 dt
1032 1358 1082 1415 ex
1136 1329 1277 1419 tientia
1310 1337 1542 1444 comproba-

293 1449 351 1531 vit
382 1448 430 1530 ad
465 1445 579 1530 finem
606 1447 796 1556 optimum
823 1443 1001 1528 idoneam
1036 1472 1059 1524 e
1092 1470 1128 1544 e,
1154 1444 1197 1526 δι
1233 1442 1343 1526 nullae
1369 1451 1540 1555 cogitati

291 1557 448 1666 poliunt
472 1560 575 1668 leges
601 1558 808 1642 Naturales
829 1583 929 1664 quae,
953 1555 1061 1636 salvo
1086 1553 1162 1638 hoc
1192 1547 1283 1654 fine,
1310 1553 1540 1644 divifiooem

290 1664 478 1773 ejusmodi
503 1665 711 1776 antiquitis
731 1663 816 1750 fieri
841 1661 1122 1773 prohiberent3
1149 1665 1277 1770 elque
1301 1663 1391 1750 ideo
1416 1673 1541 1754 nemi·

291 1781 331 1862 ni
357 1779 434 1860 elle
452 1777 583 1886 potuit
605 1776 761 1886 injurio.
805 1774 881 1858 Sed
906 1773 1042 1856 eadem
1064 1773 1167 1859 ratio
1187 1783 1271 1884 q'uae
1295 1773 1441 1885 pridem
1465 1779 1541 1864 ho·

260 1896 266 1916 ⁴
291 1887 411 1974 mines
433 1889 622 1998 obligavit
641 1887 689 1970 td
702 1882 1274 1986 divifionemintroducendnm,
1296 1907 1457 1997 propter
1473 1917 1540 1973 oe·

291 1997 492 2084 cellotium
522 1997 617 2082 verb
638 1997 890 2105 judicantium
916 1993 1150 2102 consensum,
1177 1991 1365 2102 obligabit
1401 2025 1541 2086 eorum

153 2184 156 2192 ,
290 2105 518 2192 succelsoret
542 2109 590 2192 ad
628 2106 787 2192 eandem
815 2103 1142 2216 comprobandam
1178 2107 1219 2190 dt
1258 2105 1538 2196 stabiliendum.

241 2217 472 2302 ”Fatemur
483 2217 661 2332 equidem
679 2218 801 2301 varias
821 2219 909 2300 vitae
921 2211 1190 2322 altiontimque
1212 2213 1464 2304 humanatum
1481 2225 1541 2306 ui·

290 2325 518 2416 cillttudines
552 2327 766 2412 neceffarid
791 2325 944 2410 efficere
973 2349 1017 2408 ut
1049 2324 1278 2434 multiplices
1310 2333 1539 2442 contingant

289 2440 430 2546 jurium
448 2437 656 2552 antiquitus
669 2439 925 2524 stabilitotum
939 2431 1219 2540 transsationes,
1243 2439 1446 2551 multique
1468 2445 1539 2532 eti·

290 2577 351 2632 am
376 2551 425 2634 de
438 2579 544 2635 novo
565 2547 1066 2644 circaillaconstituantu13
1094 2545 1232 2632 verbm
1253 2552 1439 2658 quoniam
1455 2583 1537 2638 om·

290 2687 357 2742 nes
385 2661 525 2770 jurium
558 2656 852 2768 transsationes,
890 2683 1080 2768 novaeque
1115 2652 1411 2746 constitutiones
1442 2657 1539 2748 fiunt

289 2795 517 2878 percorum
550 2771 789 2853 voluntatem
812 2766 957 2880 quibus
990 2773 1076 2875 jura
1102 2767 1181 2852 hnc
1203 2765 1337 2852 saltem
1368 2773 1540 2858 mediam

289 2875 383 2959 olim
404 2877 547 2962 fuerint
558 2878 752 2987 concello,
779 2881 942 2990 antiqua
965 2875 1538 2984 juriumdivifioconservatm,

288 2987 365 3071 hoc
385 2989 484 3099 ipso,
511 2987 620 3100 qubd
647 2987 877 3074 observatur
904 3017 1043 3073 eorum
1071 2989 1261 3072 voluntas.
1308 2992 1423 3076 'Nam
1461 2995 1538 3104 pti·

288 3125 357 3180 mae
382 3099 582 3184 diviltonis
604 3103 781 3204 nudiores
804 3099 1068 3210 intelliguntur
1081 3097 1242 3182 voluille
1261 3101 1446 3186 conferte
1466 3132 1541 3214 po·

289 3207 466 3294 testatem
490 3239 536 3296 ea
560 3212 643 3316 jura
659 3209 924 3310 transferendi,
949 3209 1142 3322 multdque
1158 3211 1207 3292 de
1231 3213 1543 3298 novoconstitu·

290 3321 395 3419 endi,
420 3343 499 3404 tum
517 3321 599 3428 ipfis
624 3322 749 3430 primis
765 3318 1054 3427 polsellonbus,
1072 3319 1282 3406 tumetium
1304 3347 1436 3408 eorum
1450 3319 1541 3408 suc·

287 3425 500 3516 cessotibut.
543 3433 645 3512 Nam
674 3431 711 3513 in
737 3431 913 3514 dominio
924 3431 1142 3512 continetur
1156 3431 1327 3516 Potestas
1341 3433 1387 3514 de
1402 3459 1446 3514 re
1467 3457 1541 3518 aut

55 3561 56 3564 ‘
216 3631 217 3636 Ν
286 3569 406 3648 opera
429 3539 556 3626 nostra
579 3541 834 3652 disponendis
863 3543 1018 3625 Panum
1046 3563 1175 3624 autem
1190 3540 1361 3624 confistit-
1372 3539 1415 3622 in
1439 3571 1538 3628 cott-

285 3649 392 3732 sensu
415 3651 578 3736 duorum
603 3653 738 3734 detali
762 3649 1162 3762 aliqttadispofitione,
1188 3651 1358 3763 idtdque
1375 3653 1533 3740 l'auum

286 3758 419 3843 eidem
435 3763 521 3868 lege
544 3762 712 3846 validum
734 3761 776 3844 fit
798 3763 971 3870 quitata
989 3759 1031 3844 fit
1050 3767 1196 3872 cuique
1219 3759 1392 3848 Potestas
1416 3765 1466 3848 de
1487 3791 1536 3850 re

286 3895 351 3952 aut
374 3871 493 3976 opetd
520 3875 584 3957 sul
609 3874 846 3983 disponendi.
884 3873 1083 3974 Qoniam
1107 3896 1235 3956 autem
1254 3875 1343 3982 ¹hntc
1364 3871 1535 3983 potestat

283 3981 348 4080 seu
372 3977 487 4080 ipsum
512 3982 723 4066 dominium
749 3987 893 4091 cuique
916 3983 1064 4088 datum,
1083 3981 1138 4064 est
1153 3979 1301 4066 taotbm
1326 3985 1366 4068 in
1390 3985 1535 4070 ordine
1676 4085 1677 4098 Ν

282 4089 332 4171 ad
359 4089 510 4174 Bonum
538 4093 769 4194 Commune,
788 4093 963 4201 sequitur
981 4090 1233 4216 necnpactum
1248 4095 1369 4190 ullum
1390 4095 1537 4202 (cujus

919 4255 927 4264 ·
1469 4233 1535 4288 vts
