<?xml version="1.0" encoding="UTF-8"?>
<!DOCTYPE html PUBLIC "-//W3C//DTD XHTML 1.0 Transitional//EN"
    "http://www.w3.org/TR/xhtml1/DTD/xhtml1-transitional.dtd">
<html xmlns="http://www.w3.org/1999/xhtml" xml:lang="en" lang="en">
 <head>
  <title>
</title>
<meta http-equiv="Content-Type" content="text/html;charset=utf-8" />
  <meta name='ocr-system' content='tesseract 3.04.00' />
  <meta name='ocr-capabilities' content='ocr_page ocr_carea ocr_par ocr_line ocrx_word'/>
</head>
<body>
  <div class='ocr_page' id='page_1' title='image "./delegibusnatura00cumbgoog_0169.png"; bbox 0 0 3384 4578; ppageno 0'>
   <div class='ocr_carea' id='block_1_1' title="bbox 610 177 1406 337">
    <p class='ocr_par' dir='ltr' id='par_1_1' title="bbox 610 177 1406 337">
     <span class='ocr_line' id='line_1_1' title="bbox 610 177 1406 337; baseline 0.005 -57"><span class='ocrx_word' id='word_1_1' title='bbox 610 179 722 281; x_wconf 71' lang='lat' dir='ltr'>nelli</span> <span class='ocrx_word' id='word_1_2' title='bbox 748 177 945 293; x_wconf 81' lang='lat' dir='ltr'>Ratione.</span> <span class='ocrx_word' id='word_1_3' title='bbox 1342 224 1406 337; x_wconf 83' lang='lat'>97</span> 
     </span>
    </p>
   </div>
   <div class='ocr_carea' id='block_1_2' title="bbox 45 363 1419 4128">
    <p class='ocr_par' dir='ltr' id='par_1_2' title="bbox 45 363 1419 4128">
     <span class='ocr_line' id='line_1_2' title="bbox 164 363 1407 485; baseline 0.003 -29"><span class='ocrx_word' id='word_1_4' title='bbox 164 391 304 459; x_wconf 82' lang='lat' dir='ltr'>conatu</span> <span class='ocrx_word' id='word_1_5' title='bbox 326 365 444 455; x_wconf 82' lang='lat' dir='ltr'>totius</span> <span class='ocrx_word' id='word_1_6' title='bbox 466 363 633 450; x_wconf 85' lang='lat' dir='ltr'>univerli</span> <span class='ocrx_word' id='word_1_7' title='bbox 647 365 845 450; x_wconf 85' lang='lat' dir='ltr'><strong>consentit.</strong></span> <span class='ocrx_word' id='word_1_8' title='bbox 878 367 1007 452; x_wconf 89' lang='lat' dir='ltr'>Porro</span> <span class='ocrx_word' id='word_1_9' title='bbox 1026 375 1211 458; x_wconf 80' lang='lat' dir='ltr'>antemio</span> <span class='ocrx_word' id='word_1_10' title='bbox 1238 396 1407 485; x_wconf 85' lang='lat' dir='ltr'>utroque</span> 
     </span>
     <span class='ocr_line' id='line_1_3' title="bbox 164 475 1406 595; baseline 0 -29"><span class='ocrx_word' id='word_1_11' title='bbox 164 485 242 568; x_wconf 90' lang='lat' dir='ltr'>hoc</span> <span class='ocrx_word' id='word_1_12' title='bbox 264 503 374 566; x_wconf 87' lang='lat' dir='ltr'>motu</span> <span class='ocrx_word' id='word_1_13' title='bbox 398 477 778 586; x_wconf 72' lang='lat' dir='ltr'>implicato,‘nempe</span> <span class='ocrx_word' id='word_1_14' title='bbox 804 480 844 559; x_wconf 79' lang='lat'>8&lt;</span> <span class='ocrx_word' id='word_1_15' title='bbox 864 475 902 562; x_wconf 90' lang='lat' dir='ltr'>in</span> <span class='ocrx_word' id='word_1_16' title='bbox 917 479 984 562; x_wconf 93' lang='lat' dir='ltr'>illo</span> <span class='ocrx_word' id='word_1_17' title='bbox 999 507 1081 590; x_wconf 88' lang='lat' dir='ltr'>quo</span> <span class='ocrx_word' id='word_1_18' title='bbox 1103 483 1252 595; x_wconf 75' lang='lat' dir='ltr'>plernq3</span> <span class='ocrx_word' id='word_1_19' title='bbox 1274 488 1406 567; x_wconf 86' lang='lat' dir='ltr'>omnia</span> 
     </span>
     <span class='ocr_line' id='line_1_4' title="bbox 165 586 1406 702; baseline -0.002 -25"><span class='ocrx_word' id='word_1_20' title='bbox 165 611 402 677; x_wconf 83' lang='lat' dir='ltr'>concurrunt</span> <span class='ocrx_word' id='word_1_21' title='bbox 434 589 672 698; x_wconf 87' lang='lat' dir='ltr'>aliquatenus</span> <span class='ocrx_word' id='word_1_22' title='bbox 697 588 746 669; x_wconf 82' lang='lat' dir='ltr'>ad</span> <span class='ocrx_word' id='word_1_23' title='bbox 780 586 963 695; x_wconf 80' lang='lat' dir='ltr'>lingulare</span> <span class='ocrx_word' id='word_1_24' title='bbox 991 593 1147 702; x_wconf 83' lang='lat' dir='ltr'>aliquod</span> <span class='ocrx_word' id='word_1_25' title='bbox 1173 621 1313 702; x_wconf 86' lang='lat' dir='ltr'>corpus</span> <span class='ocrx_word' id='word_1_26' title='bbox 1336 597 1406 675; x_wconf 89' lang='lat' dir='ltr'>ali·</span> 
     </span>
     <span class='ocr_line' id='line_1_5' title="bbox 165 697 1408 816; baseline 0.001 -29"><span class='ocrx_word' id='word_1_27' title='bbox 165 703 336 816; x_wconf 87' lang='lat' dir='ltr'>quandiu</span> <span class='ocrx_word' id='word_1_28' title='bbox 366 697 679 796; x_wconf 81' lang='lat' dir='ltr'>conservandum,</span> <span class='ocrx_word' id='word_1_29' title='bbox 707 703 747 781; x_wconf 80' lang='grc' dir='ltr'>ὁ(</span> <span class='ocrx_word' id='word_1_30' title='bbox 773 702 812 779; x_wconf 90' lang='lat' dir='ltr'>in</span> <span class='ocrx_word' id='word_1_31' title='bbox 829 699 898 780; x_wconf 90' lang='lat' dir='ltr'>illo</span> <span class='ocrx_word' id='word_1_32' title='bbox 920 727 1001 809; x_wconf 92' lang='lat' dir='ltr'>quo</span> <span class='ocrx_word' id='word_1_33' title='bbox 1024 699 1210 809; x_wconf 81' lang='lat' dir='ltr'>singulare</span> <span class='ocrx_word' id='word_1_34' title='bbox 1246 705 1408 813; x_wconf 85' lang='lat' dir='ltr'>aliquod</span> 
     </span>
     <span class='ocr_line' id='line_1_6' title="bbox 163 805 1407 922; baseline -0.002 -26"><span class='ocrx_word' id='word_1_35' title='bbox 163 843 248 896; x_wconf 92' lang='lat' dir='ltr'>cum</span> <span class='ocrx_word' id='word_1_36' title='bbox 273 805 1407 922; x_wconf 80' lang='lat' dir='ltr'>reliquisconcurritadtotiussystematlsconlervntionem,</span> 
     </span>
     <span class='ocr_line' id='line_1_7' title="bbox 163 917 1407 1032; baseline 0 -26"><span class='ocrx_word' id='word_1_37' title='bbox 163 947 291 1008; x_wconf 87' lang='lat' dir='ltr'>certus</span> <span class='ocrx_word' id='word_1_38' title='bbox 314 919 473 1032; x_wconf 82' lang='lat' dir='ltr'>quidam</span> <span class='ocrx_word' id='word_1_39' title='bbox 494 917 665 1000; x_wconf 80' lang='lat' dir='ltr'>servatur</span> <span class='ocrx_word' id='word_1_40' title='bbox 678 919 790 1021; x_wconf 79' lang='lat' dir='ltr'>ord0,</span> <span class='ocrx_word' id='word_1_41' title='bbox 815 947 899 1030; x_wconf 85' lang='lat' dir='ltr'>quo</span> <span class='ocrx_word' id='word_1_42' title='bbox 912 922 974 1002; x_wconf 87' lang='lat' dir='ltr'>alii</span> <span class='ocrx_word' id='word_1_43' title='bbox 995 944 1126 1006; x_wconf 82' lang='lat' dir='ltr'>motus</span> <span class='ocrx_word' id='word_1_44' title='bbox 1147 923 1197 1005; x_wconf 82' lang='lat' dir='ltr'>ab</span> <span class='ocrx_word' id='word_1_45' title='bbox 1218 924 1297 1004; x_wconf 86' lang='lat' dir='ltr'>aliis</span> <span class='ocrx_word' id='word_1_46' title='bbox 1313 951 1407 1006; x_wconf 89' lang='lat' dir='ltr'>con·</span> 
     </span>
     <span class='ocr_line' id='line_1_8' title="bbox 165 1029 1407 1142; baseline -0.002 -26"><span class='ocrx_word' id='word_1_47' title='bbox 165 1037 270 1120; x_wconf 72' lang='lat' dir='ltr'>sinui</span> <span class='ocrx_word' id='word_1_48' title='bbox 295 1029 388 1116; x_wconf 87' lang='lat' dir='ltr'>serie</span> <span class='ocrx_word' id='word_1_49' title='bbox 400 1029 709 1129; x_wconf 81' lang='lat' dir='ltr'>determinantur,</span> <span class='ocrx_word' id='word_1_50' title='bbox 734 1031 909 1138; x_wconf 67' lang='lat' dir='ltr'>omnelq3</span> <span class='ocrx_word' id='word_1_51' title='bbox 932 1029 953 1114; x_wconf 79' lang='grc' dir='ltr'>ὲ</span> <span class='ocrx_word' id='word_1_52' title='bbox 977 1056 1083 1116; x_wconf 89' lang='lat' dir='ltr'>motu</span> <span class='ocrx_word' id='word_1_53' title='bbox 1098 1031 1407 1142; x_wconf 82' lang='lat' dir='ltr'>totiussyslema·</span> 
     </span>
     <span class='ocr_line' id='line_1_9' title="bbox 167 1140 1408 1252; baseline -0.005 -22"><span class='ocrx_word' id='word_1_54' title='bbox 167 1151 216 1230; x_wconf 91' lang='lat' dir='ltr'>tis</span> <span class='ocrx_word' id='word_1_55' title='bbox 235 1140 323 1226; x_wconf 84' lang='lat' dir='ltr'>inse</span> <span class='ocrx_word' id='word_1_56' title='bbox 344 1161 562 1223; x_wconf 81' lang='lat' dir='ltr'>recurrente</span> <span class='ocrx_word' id='word_1_57' title='bbox 584 1157 780 1245; x_wconf 85' lang='lat' dir='ltr'>reguntur.</span> <span class='ocrx_word' id='word_1_58' title='bbox 820 1143 912 1222; x_wconf 91' lang='lat' dir='ltr'>Nec</span> <span class='ocrx_word' id='word_1_59' title='bbox 927 1169 1024 1252; x_wconf 92' lang='lat' dir='ltr'>opus</span> <span class='ocrx_word' id='word_1_60' title='bbox 1038 1141 1094 1226; x_wconf 86' lang='lat' dir='ltr'>est</span> <span class='ocrx_word' id='word_1_61' title='bbox 1111 1143 1408 1252; x_wconf 81' lang='lat' dir='ltr'>orabunaqua·</span> 
     </span>
     <span class='ocr_line' id='line_1_10' title="bbox 165 1245 1406 1364; baseline -0.002 -25"><span class='ocrx_word' id='word_1_62' title='bbox 165 1253 265 1339; x_wconf 87' lang='lat' dir='ltr'>libet</span> <span class='ocrx_word' id='word_1_63' title='bbox 286 1245 486 1361; x_wconf 80' lang='lat' dir='ltr'>hypothesi</span> <span class='ocrx_word' id='word_1_64' title='bbox 510 1249 561 1331; x_wconf 91' lang='lat' dir='ltr'>de</span> <span class='ocrx_word' id='word_1_65' title='bbox 574 1247 702 1330; x_wconf 88' lang='lat' dir='ltr'>mundi</span> <span class='ocrx_word' id='word_1_66' title='bbox 717 1245 916 1356; x_wconf 84' lang='lat' dir='ltr'>systemate</span> <span class='ocrx_word' id='word_1_67' title='bbox 938 1273 1112 1362; x_wconf 88' lang='lat' dir='ltr'>petamus</span> <span class='ocrx_word' id='word_1_68' title='bbox 1136 1249 1340 1364; x_wconf 75' lang='lat' dir='ltr'>suppetias,</span> <span class='ocrx_word' id='word_1_69' title='bbox 1362 1275 1406 1336; x_wconf 90' lang='lat' dir='ltr'>ut</span> 
     </span>
     <span class='ocr_line' id='line_1_11' title="bbox 167 1357 1404 1472; baseline 0.001 -27"><span class='ocrx_word' id='word_1_70' title='bbox 167 1365 247 1447; x_wconf 80' lang='lat' dir='ltr'>ltaec</span> <span class='ocrx_word' id='word_1_71' title='bbox 259 1387 341 1472; x_wconf 82' lang='lat' dir='ltr'>quae</span> <span class='ocrx_word' id='word_1_72' title='bbox 352 1357 403 1443; x_wconf 89' lang='lat' dir='ltr'>de</span> <span class='ocrx_word' id='word_1_73' title='bbox 427 1359 563 1442; x_wconf 87' lang='lat' dir='ltr'>ordine</span> <span class='ocrx_word' id='word_1_74' title='bbox 587 1357 798 1441; x_wconf 77' lang='lat' dir='ltr'>neceli&#39;ario</span> <span class='ocrx_word' id='word_1_75' title='bbox 824 1360 923 1442; x_wconf 87' lang='lat' dir='ltr'>inter</span> <span class='ocrx_word' id='word_1_76' title='bbox 934 1383 1060 1445; x_wconf 90' lang='lat' dir='ltr'>motus</span> <span class='ocrx_word' id='word_1_77' title='bbox 1081 1366 1308 1472; x_wconf 82' lang='lat' dir='ltr'>implicatos,</span> <span class='ocrx_word' id='word_1_78' title='bbox 1334 1391 1404 1446; x_wconf 89' lang='lat' dir='ltr'>eo·</span> 
     </span>
     <span class='ocr_line' id='line_1_12' title="bbox 166 1467 1407 1583; baseline -0.004 -24"><span class='ocrx_word' id='word_1_79' title='bbox 166 1467 918 1583; x_wconf 78' lang='lat' dir='ltr'>irimqueviribusdiximus,probentur5</span> <span class='ocrx_word' id='word_1_80' title='bbox 941 1469 1407 1558; x_wconf 84' lang='lat' dir='ltr'>haecenimdemonllrnn·</span> 
     </span>
     <span class='ocr_line' id='line_1_13' title="bbox 164 1579 1407 1692; baseline 0 -26"><span class='ocrx_word' id='word_1_81' title='bbox 164 1607 228 1666; x_wconf 89' lang='lat' dir='ltr'>tur</span> <span class='ocrx_word' id='word_1_82' title='bbox 250 1583 271 1666; x_wconf 76' lang='lat' dir='ltr'>i</span> <span class='ocrx_word' id='word_1_83' title='bbox 290 1579 489 1690; x_wconf 84' lang='lat' dir='ltr'>principiis</span> <span class='ocrx_word' id='word_1_84' title='bbox 511 1579 786 1677; x_wconf 82' lang='lat' dir='ltr'>Geometncis,</span> <span class='ocrx_word' id='word_1_85' title='bbox 811 1605 894 1690; x_wconf 86' lang='lat' dir='ltr'>quae</span> <span class='ocrx_word' id='word_1_86' title='bbox 908 1582 1066 1664; x_wconf 89' lang='lat' dir='ltr'>inomni</span> <span class='ocrx_word' id='word_1_87' title='bbox 1092 1582 1293 1692; x_wconf 81' lang='lat' dir='ltr'>hypothefi</span> <span class='ocrx_word' id='word_1_88' title='bbox 1305 1579 1407 1666; x_wconf 86' lang='lat' dir='ltr'>stare</span> 
     </span>
     <span class='ocr_line' id='line_1_14' title="bbox 155 1688 1406 1804; baseline 0 -30"><span class='ocrx_word' id='word_1_89' title='bbox 155 1692 310 1794; x_wconf 83' lang='lat' dir='ltr'>¹debent</span> <span class='ocrx_word' id='word_1_90' title='bbox 330 1690 531 1778; x_wconf 78' lang='lat' dir='ltr'>inviolata.</span> <span class='ocrx_word' id='word_1_91' title='bbox 561 1688 819 1772; x_wconf 85' lang='lat' dir='ltr'>Nihilominus</span> <span class='ocrx_word' id='word_1_92' title='bbox 839 1689 908 1774; x_wconf 84' lang='lat' dir='ltr'>etsr</span> <span class='ocrx_word' id='word_1_93' title='bbox 930 1689 1145 1799; x_wconf 88' lang='lat' dir='ltr'>hujusmodi</span> <span class='ocrx_word' id='word_1_94' title='bbox 1166 1695 1406 1804; x_wconf 87' lang='lat' dir='ltr'>contempla·</span> 
     </span>
     <span class='ocr_line' id='line_1_15' title="bbox 168 1797 1404 1898; baseline 0.001 -13"><span class='ocrx_word' id='word_1_95' title='bbox 168 1803 223 1887; x_wconf 90' lang='lat' dir='ltr'>tio</span> <span class='ocrx_word' id='word_1_96' title='bbox 237 1797 360 1886; x_wconf 78' lang='lat' dir='ltr'>abusu</span> <span class='ocrx_word' id='word_1_97' title='bbox 376 1799 555 1882; x_wconf 84' lang='lat' dir='ltr'>videatur</span> <span class='ocrx_word' id='word_1_98' title='bbox 576 1800 778 1898; x_wconf 86' lang='lat' dir='ltr'>remotior,</span> <span class='ocrx_word' id='word_1_99' title='bbox 805 1827 851 1883; x_wconf 84' lang='lat' dir='ltr'>ea</span> <span class='ocrx_word' id='word_1_100' title='bbox 875 1823 1001 1885; x_wconf 78' lang='lat' dir='ltr'>tamen</span> <span class='ocrx_word' id='word_1_101' title='bbox 1023 1831 1102 1888; x_wconf 88' lang='lat' dir='ltr'>noo</span> <span class='ocrx_word' id='word_1_102' title='bbox 1126 1802 1183 1886; x_wconf 87' lang='lat' dir='ltr'>est</span> <span class='ocrx_word' id='word_1_103' title='bbox 1202 1803 1313 1887; x_wconf 83' lang='lat' dir='ltr'>rebus</span> <span class='ocrx_word' id='word_1_104' title='bbox 1335 1805 1404 1886; x_wconf 93' lang='lat' dir='ltr'>hu·</span> 
     </span>
     <span class='ocr_line' id='line_1_16' title="bbox 166 1904 1406 2023; baseline -0.002 -27"><span class='ocrx_word' id='word_1_105' title='bbox 166 1915 286 1996; x_wconf 79' lang='lat' dir='ltr'>manis</span> <span class='ocrx_word' id='word_1_106' title='bbox 310 1911 481 1996; x_wconf 75' lang='lat' dir='ltr'>inutiliss</span> <span class='ocrx_word' id='word_1_107' title='bbox 509 1904 599 1990; x_wconf 81' lang='lat' dir='ltr'>facit</span> <span class='ocrx_word' id='word_1_108' title='bbox 621 1907 721 1990; x_wconf 88' lang='lat' dir='ltr'>enim</span> <span class='ocrx_word' id='word_1_109' title='bbox 734 1929 778 1990; x_wconf 92' lang='lat' dir='ltr'>ut</span> <span class='ocrx_word' id='word_1_110' title='bbox 793 1908 1053 1996; x_wconf 70' lang='lat' dir='ltr'>distinerente</span> <span class='ocrx_word' id='word_1_111' title='bbox 1074 1916 1275 2023; x_wconf 88' lang='lat' dir='ltr'>principiis</span> <span class='ocrx_word' id='word_1_112' title='bbox 1287 1941 1406 2020; x_wconf 84' lang='lat' dir='ltr'>gene·</span> 
     </span>
     <span class='ocr_line' id='line_1_17' title="bbox 167 2017 1406 2126; baseline -0.002 -20"><span class='ocrx_word' id='word_1_113' title='bbox 167 2017 347 2106; x_wconf 81' lang='lat' dir='ltr'>rallffimis</span> <span class='ocrx_word' id='word_1_114' title='bbox 359 2018 648 2126; x_wconf 72' lang='lat' dir='ltr'>cognoscamus,</span> <span class='ocrx_word' id='word_1_115' title='bbox 669 2017 784 2126; x_wconf 74' lang='lat' dir='ltr'>quim</span> <span class='ocrx_word' id='word_1_116' title='bbox 798 2018 1025 2102; x_wconf 81' lang='lat' dir='ltr'>necell&#39;arins</span> <span class='ocrx_word' id='word_1_117' title='bbox 1038 2018 1082 2101; x_wconf 88' lang='lat' dir='ltr'>lit</span> <span class='ocrx_word' id='word_1_118' title='bbox 1098 2021 1199 2105; x_wconf 92' lang='lat' dir='ltr'>ordo</span> <span class='ocrx_word' id='word_1_119' title='bbox 1211 2044 1335 2104; x_wconf 86' lang='lat' dir='ltr'>certus</span> <span class='ocrx_word' id='word_1_120' title='bbox 1347 2025 1406 2103; x_wconf 91' lang='lat' dir='ltr'>in·</span> 
     </span>
     <span class='ocr_line' id='line_1_18' title="bbox 165 2125 1406 2239; baseline -0.002 -22"><span class='ocrx_word' id='word_1_121' title='bbox 165 2157 227 2218; x_wconf 87' lang='lat' dir='ltr'>ter</span> <span class='ocrx_word' id='word_1_122' title='bbox 242 2130 368 2214; x_wconf 84' lang='lat' dir='ltr'>causas</span> <span class='ocrx_word' id='word_1_123' title='bbox 391 2153 476 2236; x_wconf 88' lang='lat' dir='ltr'>quae</span> <span class='ocrx_word' id='word_1_124' title='bbox 491 2125 531 2208; x_wconf 91' lang='lat' dir='ltr'>vi</span> <span class='ocrx_word' id='word_1_125' title='bbox 549 2149 668 2234; x_wconf 82' lang='lat' dir='ltr'>egunt</span> <span class='ocrx_word' id='word_1_126' title='bbox 682 2129 887 2234; x_wconf 71' lang='lat' dir='ltr'>corporei,</span> <span class='ocrx_word' id='word_1_127' title='bbox 914 2149 957 2210; x_wconf 94' lang='lat' dir='ltr'>ut</span> <span class='ocrx_word' id='word_1_128' title='bbox 981 2157 1110 2213; x_wconf 84' lang='lat' dir='ltr'>earum</span> <span class='ocrx_word' id='word_1_129' title='bbox 1126 2129 1254 2239; x_wconf 89' lang='lat' dir='ltr'>plures</span> <span class='ocrx_word' id='word_1_130' title='bbox 1272 2131 1322 2213; x_wconf 86' lang='lat' dir='ltr'>ad</span> <span class='ocrx_word' id='word_1_131' title='bbox 1348 2131 1406 2214; x_wconf 83' lang='lat' dir='ltr'>el·</span> 
     </span>
     <span class='ocr_line' id='line_1_19' title="bbox 164 2235 1406 2349; baseline -0.002 -22"><span class='ocrx_word' id='word_1_132' title='bbox 164 2241 308 2328; x_wconf 80' lang='lat' dir='ltr'>fenum</span> <span class='ocrx_word' id='word_1_133' title='bbox 332 2235 497 2349; x_wconf 79' lang='lat' dir='ltr'>aliquem</span> <span class='ocrx_word' id='word_1_134' title='bbox 512 2241 643 2321; x_wconf 88' lang='lat' dir='ltr'>animo</span> <span class='ocrx_word' id='word_1_135' title='bbox 660 2237 982 2344; x_wconf 75' lang='lat' dir='ltr'>praecognitum&amp;</span> <span class='ocrx_word' id='word_1_136' title='bbox 1003 2239 1232 2324; x_wconf 84' lang='lat' dir='ltr'>destinatum</span> <span class='ocrx_word' id='word_1_137' title='bbox 1244 2269 1406 2325; x_wconf 89' lang='lat' dir='ltr'>concur·</span> 
     </span>
     <span class='ocr_line' id='line_1_20' title="bbox 127 2345 1419 2462; baseline 0 -27"><span class='ocrx_word' id='word_1_138' title='bbox 127 2449 134 2462; x_wconf 40' lang='grc'><strong>,</strong></span> <span class='ocrx_word' id='word_1_139' title='bbox 164 2375 266 2436; x_wconf 81' lang='lat' dir='ltr'>rant.</span> <span class='ocrx_word' id='word_1_140' title='bbox 307 2348 499 2432; x_wconf 76' lang='lat' dir='ltr'>Praeterei</span> <span class='ocrx_word' id='word_1_141' title='bbox 522 2345 622 2432; x_wconf 79' lang='lat' dir='ltr'>vero</span> <span class='ocrx_word' id='word_1_142' title='bbox 644 2345 798 2456; x_wconf 82' lang='lat' dir='ltr'>modum</span> <span class='ocrx_word' id='word_1_143' title='bbox 818 2347 987 2459; x_wconf 87' lang='lat' dir='ltr'>ostendit</span> <span class='ocrx_word' id='word_1_144' title='bbox 1006 2377 1088 2462; x_wconf 84' lang='lat' dir='ltr'>quo</span> <span class='ocrx_word' id='word_1_145' title='bbox 1109 2350 1220 2434; x_wconf 78' lang='lat' dir='ltr'>certo</span> <span class='ocrx_word' id='word_1_146' title='bbox 1246 2350 1419 2436; x_wconf 71' lang='lat' dir='ltr'>testimo·-</span> 
     </span>
     <span class='ocr_line' id='line_1_21' title="bbox 163 2455 1407 2570; baseline -0.004 -25"><span class='ocrx_word' id='word_1_147' title='bbox 163 2489 249 2545; x_wconf 88' lang='lat' dir='ltr'>mus</span> <span class='ocrx_word' id='word_1_148' title='bbox 262 2487 350 2570; x_wconf 85' lang='lat' dir='ltr'>quae</span> <span class='ocrx_word' id='word_1_149' title='bbox 366 2461 477 2543; x_wconf 80' lang='lat' dir='ltr'>causa</span> <span class='ocrx_word' id='word_1_150' title='bbox 505 2456 602 2569; x_wconf 76' lang='lat' dir='ltr'>plus,</span> <span class='ocrx_word' id='word_1_151' title='bbox 624 2483 760 2567; x_wconf 88' lang='lat' dir='ltr'>qnaeve</span> <span class='ocrx_word' id='word_1_152' title='bbox 778 2455 897 2543; x_wconf 80' lang='lat' dir='ltr'>minin</span> <span class='ocrx_word' id='word_1_153' title='bbox 922 2460 971 2542; x_wconf 86' lang='lat' dir='ltr'>ad</span> <span class='ocrx_word' id='word_1_154' title='bbox 994 2457 1172 2544; x_wconf 73' lang='lat' dir='ltr'>effellum</span> <span class='ocrx_word' id='word_1_155' title='bbox 1192 2461 1407 2570; x_wconf 84' lang='lat' dir='ltr'>expetitum</span> 
     </span>
     <span class='ocr_line' id='line_1_22' title="bbox 163 2567 1406 2679; baseline -0.002 -23"><span class='ocrx_word' id='word_1_156' title='bbox 163 2569 384 2672; x_wconf 79' lang='lat' dir='ltr'>contulerit,</span> <span class='ocrx_word' id='word_1_157' title='bbox 399 2567 540 2653; x_wconf 68' lang='lat' dir='ltr'>undee</span> <span class='ocrx_word' id='word_1_158' title='bbox 563 2573 720 2679; x_wconf 86' lang='lat' dir='ltr'>propria</span> <span class='ocrx_word' id='word_1_159' title='bbox 742 2569 806 2648; x_wconf 88' lang='lat' dir='ltr'>seu</span> <span class='ocrx_word' id='word_1_160' title='bbox 829 2569 994 2652; x_wconf 77' lang='lat' dir='ltr'>naturali</span> <span class='ocrx_word' id='word_1_161' title='bbox 1010 2571 1051 2651; x_wconf 88' lang='lat' dir='ltr'>vi</span> <span class='ocrx_word' id='word_1_162' title='bbox 1074 2568 1282 2672; x_wconf 77' lang='lat' dir='ltr'>causarum,</span> <span class='ocrx_word' id='word_1_163' title='bbox 1302 2572 1406 2654; x_wconf 86' lang='lat' dir='ltr'>ordo</span> 
     </span>
     <span class='ocr_line' id='line_1_23' title="bbox 45 2675 1404 2790; baseline -0.003 -24"><span class='ocrx_word' id='word_1_164' title='bbox 45 2758 49 2766; x_wconf 87' lang='lat'>.</span> <span class='ocrx_word' id='word_1_165' title='bbox 161 2683 377 2790; x_wconf 80' lang='lat' dir='ltr'>dignitatis,</span> <span class='ocrx_word' id='word_1_166' title='bbox 399 2679 569 2788; x_wconf 48' lang='lat' dir='ltr'>respectu</span> <span class='ocrx_word' id='word_1_167' title='bbox 591 2677 638 2788; x_wconf 72' lang='lat' dir='ltr'>od</span> <span class='ocrx_word' id='word_1_168' title='bbox 660 2675 871 2786; x_wconf 87' lang='lat' dir='ltr'>quemlibet</span> <span class='ocrx_word' id='word_1_169' title='bbox 888 2675 1080 2789; x_wconf 69' lang='lat' dir='ltr'>chelium,</span> <span class='ocrx_word' id='word_1_170' title='bbox 1103 2679 1404 2764; x_wconf 85' lang='lat' dir='ltr'>determinatur:</span> 
     </span>
     <span class='ocr_line' id='line_1_24' title="bbox 161 2787 1405 2902; baseline -0.003 -26"><span class='ocrx_word' id='word_1_171' title='bbox 161 2792 269 2876; x_wconf 86' lang='lat' dir='ltr'>unde</span> <span class='ocrx_word' id='word_1_172' title='bbox 294 2787 432 2898; x_wconf 86' lang='lat' dir='ltr'>abipsa</span> <span class='ocrx_word' id='word_1_173' title='bbox 445 2811 579 2872; x_wconf 81' lang='lat' dir='ltr'>natura</span> <span class='ocrx_word' id='word_1_174' title='bbox 604 2789 943 2896; x_wconf 82' lang='lat' dir='ltr'>rerumdocernor,</span> <span class='ocrx_word' id='word_1_175' title='bbox 965 2809 1047 2871; x_wconf 90' lang='lat' dir='ltr'>tum</span> <span class='ocrx_word' id='word_1_176' title='bbox 1063 2792 1405 2902; x_wconf 81' lang='lat' dir='ltr'>quaecausaepluris</span> 
     </span>
     <span class='ocr_line' id='line_1_25' title="bbox 163 2893 1404 3012; baseline 0 -28"><span class='ocrx_word' id='word_1_177' title='bbox 163 2895 388 2984; x_wconf 85' lang='lat' dir='ltr'>aestimnndae</span> <span class='ocrx_word' id='word_1_178' title='bbox 402 2895 482 2980; x_wconf 86' lang='lat' dir='ltr'>sunt</span> <span class='ocrx_word' id='word_1_179' title='bbox 493 2898 546 2980; x_wconf 93' lang='lat' dir='ltr'>ob</span> <span class='ocrx_word' id='word_1_180' title='bbox 557 2925 601 2980; x_wconf 82' lang='lat' dir='ltr'>ea</span> <span class='ocrx_word' id='word_1_181' title='bbox 613 2923 695 3006; x_wconf 87' lang='lat' dir='ltr'>quae</span> <span class='ocrx_word' id='word_1_182' title='bbox 709 2899 786 3002; x_wconf 84' lang='lat' dir='ltr'>jam</span> <span class='ocrx_word' id='word_1_183' title='bbox 800 2893 1013 3001; x_wconf 80' lang='lat' dir='ltr'>effecerint,</span> <span class='ocrx_word' id='word_1_184' title='bbox 1030 2923 1110 2984; x_wconf 86' lang='lat' dir='ltr'>tum</span> <span class='ocrx_word' id='word_1_185' title='bbox 1125 2903 1404 3012; x_wconf 82' lang='lat' dir='ltr'>quatumauxi·</span> 
     </span>
     <span class='ocr_line' id='line_1_26' title="bbox 162 3009 1402 3118; baseline -0.002 -23"><span class='ocrx_word' id='word_1_186' title='bbox 162 3013 214 3095; x_wconf 83' lang='lat' dir='ltr'>lia</span> <span class='ocrx_word' id='word_1_187' title='bbox 236 3011 346 3094; x_wconf 78' lang='lat' dir='ltr'>adea</span> <span class='ocrx_word' id='word_1_188' title='bbox 368 3029 452 3118; x_wconf 85' lang='lat' dir='ltr'>quae</span> <span class='ocrx_word' id='word_1_189' title='bbox 465 3009 588 3090; x_wconf 82' lang='lat' dir='ltr'>adhuc</span> <span class='ocrx_word' id='word_1_190' title='bbox 608 3014 824 3116; x_wconf 83' lang='lat' dir='ltr'>expetimus</span> <span class='ocrx_word' id='word_1_191' title='bbox 839 3009 1056 3117; x_wconf 80' lang='lat' dir='ltr'>diligentius</span> <span class='ocrx_word' id='word_1_192' title='bbox 1077 3010 1146 3094; x_wconf 79' lang='lat' dir='ltr'>sint</span> <span class='ocrx_word' id='word_1_193' title='bbox 1166 3009 1402 3094; x_wconf 85' lang='lat' dir='ltr'>solicitanda.</span> 
     </span>
     <span class='ocr_line' id='line_1_27' title="bbox 164 3115 1406 3248; baseline -0.002 -45"><span class='ocrx_word' id='word_1_194' title='bbox 164 3121 415 3206; x_wconf 74' lang='lat' dir='ltr'>Hieratione</span> <span class='ocrx_word' id='word_1_195' title='bbox 436 3117 550 3198; x_wconf 83' lang='lat' dir='ltr'>scitur</span> <span class='ocrx_word' id='word_1_196' title='bbox 577 3116 714 3228; x_wconf 73' lang='lat' dir='ltr'>Causes</span> <span class='ocrx_word' id='word_1_197' title='bbox 729 3115 813 3199; x_wconf 87' lang='lat' dir='ltr'>illas</span> <span class='ocrx_word' id='word_1_198' title='bbox 837 3147 931 3228; x_wconf 87' lang='lat' dir='ltr'>quas</span> <span class='ocrx_word' id='word_1_199' title='bbox 947 3118 1170 3248; x_wconf 86' lang='lat' dir='ltr'>Philosophi</span> <span class='ocrx_word' id='word_1_200' title='bbox 1196 3119 1406 3202; x_wconf 73' lang='lat' dir='ltr'>Universa·</span> 
     </span>
     <span class='ocr_line' id='line_1_28' title="bbox 165 3225 1405 3342; baseline -0.002 -27"><span class='ocrx_word' id='word_1_201' title='bbox 165 3231 219 3316; x_wconf 86' lang='lat' dir='ltr'>les</span> <span class='ocrx_word' id='word_1_202' title='bbox 232 3230 430 3342; x_wconf 79' lang='lat' dir='ltr'>appellare</span> <span class='ocrx_word' id='word_1_203' title='bbox 440 3225 561 3311; x_wconf 88' lang='lat' dir='ltr'>solent</span> <span class='ocrx_word' id='word_1_204' title='bbox 575 3225 759 3332; x_wconf 83' lang='lat' dir='ltr'>(materiae</span> <span class='ocrx_word' id='word_1_205' title='bbox 773 3227 936 3312; x_wconf 86' lang='lat' dir='ltr'>coelestis</span> <span class='ocrx_word' id='word_1_206' title='bbox 950 3251 1098 3314; x_wconf 89' lang='lat' dir='ltr'>motum</span> <span class='ocrx_word' id='word_1_207' title='bbox 1109 3229 1227 3312; x_wconf 87' lang='lat' dir='ltr'>rotelli</span> <span class='ocrx_word' id='word_1_208' title='bbox 1266 3227 1405 3338; x_wconf 70' lang='lat' dir='ltr'><strong>‘3&amp;c.)</strong></span> 
     </span>
     <span class='ocr_line' id='line_1_29' title="bbox 164 3338 1405 3451; baseline -0.004 -26"><span class='ocrx_word' id='word_1_209' title='bbox 164 3339 375 3451; x_wconf 77' lang='lat' dir='ltr'>earumque</span> <span class='ocrx_word' id='word_1_210' title='bbox 399 3339 582 3435; x_wconf 82' lang='lat' dir='ltr'>Primam,</span> <span class='ocrx_word' id='word_1_211' title='bbox 611 3367 747 3446; x_wconf 87' lang='lat' dir='ltr'>nempe</span> <span class='ocrx_word' id='word_1_212' title='bbox 764 3340 915 3448; x_wconf 81' lang='lat' dir='ltr'>Deum,</span> <span class='ocrx_word' id='word_1_213' title='bbox 943 3342 1154 3451; x_wconf 72' lang='lat' dir='ltr'>praecipuos</span> <span class='ocrx_word' id='word_1_214' title='bbox 1177 3370 1197 3422; x_wconf 90' lang='lat' dir='ltr'>e</span> <span class='ocrx_word' id='word_1_215' title='bbox 1231 3338 1405 3423; x_wconf 81' lang='lat' dir='ltr'>esontes</span> 
     </span>
     <span class='ocr_line' id='line_1_30' title="bbox 163 3443 1407 3564; baseline -0.002 -31"><span class='ocrx_word' id='word_1_216' title='bbox 163 3451 374 3538; x_wconf 89' lang='lat' dir='ltr'>communis</span> <span class='ocrx_word' id='word_1_217' title='bbox 388 3450 497 3549; x_wconf 80' lang='lat' dir='ltr'>honi,</span> <span class='ocrx_word' id='word_1_218' title='bbox 517 3443 606 3560; x_wconf 81' lang='lat' dir='ltr'>¹qno</span> <span class='ocrx_word' id='word_1_219' title='bbox 627 3449 691 3529; x_wconf 87' lang='lat' dir='ltr'>vel</span> <span class='ocrx_word' id='word_1_220' title='bbox 715 3447 877 3532; x_wconf 85' lang='lat' dir='ltr'>fruimur</span> <span class='ocrx_word' id='word_1_221' title='bbox 892 3477 1041 3558; x_wconf 81' lang='lat' dir='ltr'>omnes,</span> <span class='ocrx_word' id='word_1_222' title='bbox 1067 3473 1132 3534; x_wconf 79' lang='lat' dir='ltr'>aut</span> <span class='ocrx_word' id='word_1_223' title='bbox 1152 3447 1259 3564; x_wconf 87' lang='lat' dir='ltr'>quod</span> <span class='ocrx_word' id='word_1_224' title='bbox 1272 3479 1322 3532; x_wconf 82' lang='lat' dir='ltr'>ex</span> <span class='ocrx_word' id='word_1_225' title='bbox 1338 3477 1407 3532; x_wconf 84' lang='lat' dir='ltr'>na-</span> 
     </span>
     <span class='ocr_line' id='line_1_31' title="bbox 162 3557 1408 3670; baseline 0.001 -26"><span class='ocrx_word' id='word_1_226' title='bbox 162 3585 248 3644; x_wconf 81' lang='lat' dir='ltr'>tura</span> <span class='ocrx_word' id='word_1_227' title='bbox 271 3585 397 3644; x_wconf 87' lang='lat' dir='ltr'>rerum</span> <span class='ocrx_word' id='word_1_228' title='bbox 420 3557 622 3670; x_wconf 81' lang='lat' dir='ltr'>speramus.</span> <span class='ocrx_word' id='word_1_229' title='bbox 663 3557 793 3666; x_wconf 78' lang='lat' dir='ltr'>Atque</span> <span class='ocrx_word' id='word_1_230' title='bbox 819 3559 839 3664; x_wconf 91' lang='lat'>(</span> <span class='ocrx_word' id='word_1_231' title='bbox 852 3583 897 3642; x_wconf 90' lang='lat' dir='ltr'>ut</span> <span class='ocrx_word' id='word_1_232' title='bbox 918 3563 1145 3670; x_wconf 75' lang='lat' dir='ltr'>seponamus</span> <span class='ocrx_word' id='word_1_233' title='bbox 1167 3591 1213 3646; x_wconf 84' lang='lat' dir='ltr'>ea</span> <span class='ocrx_word' id='word_1_234' title='bbox 1235 3562 1283 3642; x_wconf 79' lang='lat' dir='ltr'>al&#39;</span> <span class='ocrx_word' id='word_1_235' title='bbox 1313 3588 1408 3646; x_wconf 83' lang='lat' dir='ltr'>uon·</span> 
     </span>
     <span class='ocr_line' id='line_1_32' title="bbox 153 3589 1405 3865; baseline 0.007 -119"><span class='ocrx_word' id='word_1_236' title='bbox 153 3673 283 3784; x_wconf 71' lang='lat' dir='ltr'>vtisper</span> <span class='ocrx_word' id='word_1_237' title='bbox 307 3699 390 3780; x_wconf 87' lang='lat' dir='ltr'>quae</span> <span class='ocrx_word' id='word_1_238' title='bbox 418 3670 440 3754; x_wconf 76' lang='lat' dir='ltr'>ir</span> <span class='ocrx_word' id='word_1_239' title='bbox 465 3667 805 3753; x_wconf 84' lang='lat' dir='ltr'>viribushumanis</span> <span class='ocrx_word' id='word_1_240' title='bbox 829 3672 934 3755; x_wconf 88' lang='lat' dir='ltr'>nullo</span> <span class='ocrx_word' id='word_1_241' title='bbox 954 3673 1072 3754; x_wconf 91' lang='lat' dir='ltr'>modo</span> <span class='ocrx_word' id='word_1_242' title='bbox 1092 3669 1192 3756; x_wconf 59' lang='lat' dir='ltr'>flenti</span> <span class='ocrx_word' id='word_1_243' title='bbox 1213 3589 1405 3865; x_wconf 51' lang='lat' dir='ltr'>polline?</span> 
     </span>
     <span class='ocr_line' id='line_1_33' title="bbox 164 3770 1404 3894; baseline 0.001 -28"><span class='ocrx_word' id='word_1_244' title='bbox 164 3786 268 3870; x_wconf 90' lang='lat' dir='ltr'>inter</span> <span class='ocrx_word' id='word_1_245' title='bbox 290 3783 417 3862; x_wconf 85' lang='lat' dir='ltr'>omnin</span> <span class='ocrx_word' id='word_1_246' title='bbox 440 3805 525 3892; x_wconf 84' lang='lat' dir='ltr'>quae</span> <span class='ocrx_word' id='word_1_247' title='bbox 551 3775 612 3859; x_wconf 83' lang='lat' dir='ltr'>v&#39;el</span> <span class='ocrx_word' id='word_1_248' title='bbox 635 3770 826 3862; x_wconf 73' lang='lat' dir='ltr'>tantillum</span> <span class='ocrx_word' id='word_1_249' title='bbox 842 3780 892 3860; x_wconf 87' lang='lat' dir='ltr'>ab</span> <span class='ocrx_word' id='word_1_250' title='bbox 915 3781 1133 3865; x_wconf 84' lang='lat' dir='ltr'>hominibus</span> <span class='ocrx_word' id='word_1_251' title='bbox 1145 3782 1295 3867; x_wconf 84' lang='lat' dir='ltr'>moveri</span> <span class='ocrx_word' id='word_1_252' title='bbox 1318 3813 1370 3894; x_wconf 92' lang='lat' dir='ltr'>po</span> <span class='ocrx_word' id='word_1_253' title='bbox 1385 3829 1404 3846; x_wconf 93' lang='lat'>·</span> 
     </span>
     <span class='ocr_line' id='line_1_34' title="bbox 163 3883 1404 3999; baseline -0.002 -23"><span class='ocrx_word' id='word_1_254' title='bbox 163 3893 266 3999; x_wconf 85' lang='lat' dir='ltr'>sunt,</span> <span class='ocrx_word' id='word_1_255' title='bbox 279 3883 831 3990; x_wconf 70' lang='lat' dir='ltr'>eidemrntionemanifestur&#39;n</span> <span class='ocrx_word' id='word_1_256' title='bbox 851 3887 907 3972; x_wconf 82' lang='lat' dir='ltr'>est</span> <span class='ocrx_word' id='word_1_257' title='bbox 920 3913 1045 3974; x_wconf 89' lang='lat' dir='ltr'>motus</span> <span class='ocrx_word' id='word_1_258' title='bbox 1058 3891 1106 3976; x_wconf 83' lang='lat' dir='ltr'>ab</span> <span class='ocrx_word' id='word_1_259' title='bbox 1126 3895 1330 3978; x_wconf 81' lang='lat' dir='ltr'>universali</span> <span class='ocrx_word' id='word_1_260' title='bbox 1344 3921 1404 3974; x_wconf 82' lang='lat' dir='ltr'>ra·</span> 
     </span>
     <span class='ocr_line' id='line_1_35' title="bbox 164 3999 1404 4128; baseline -0.007 -41"><span class='ocrx_word' id='word_1_261' title='bbox 164 4003 366 4104; x_wconf 80' lang='lat' dir='ltr'>tionaliuru</span> <span class='ocrx_word' id='word_1_262' title='bbox 380 4000 546 4083; x_wconf 87' lang='lat' dir='ltr'>omnium</span> <span class='ocrx_word' id='word_1_263' title='bbox 559 4027 654 4128; x_wconf 65' lang='lat' dir='ltr'>ergo</span> <span class='ocrx_word' id='word_1_264' title='bbox 676 4025 807 4127; x_wconf 77' lang='lat' dir='ltr'>omnes</span> <span class='ocrx_word' id='word_1_265' title='bbox 821 3999 1088 4088; x_wconf 68' lang='lat' dir='ltr'>benevolentis</span> <span class='ocrx_word' id='word_1_266' title='bbox 1106 4001 1404 4113; x_wconf 85' lang='lat' dir='ltr'>proficiscentes,</span> 
     </span>
    </p>
   </div>
   <div class='ocr_carea' id='block_1_3' title="bbox 161 4105 1405 4324">
    <p class='ocr_par' dir='ltr' id='par_1_3' title="bbox 161 4105 1405 4324">
     <span class='ocr_line' id='line_1_36' title="bbox 161 4105 1405 4296; baseline -0.003 -102"><span class='ocrx_word' id='word_1_267' title='bbox 161 4110 325 4226; x_wconf 83' lang='lat' dir='ltr'>publicae</span> <span class='ocrx_word' id='word_1_268' title='bbox 345 4111 444 4200; x_wconf 85' lang='lat' dir='ltr'>iuter</span> <span class='ocrx_word' id='word_1_269' title='bbox 457 4138 523 4197; x_wconf 88' lang='lat' dir='ltr'>eos</span> <span class='ocrx_word' id='word_1_270' title='bbox 542 4108 749 4202; x_wconf 76' lang='lat' dir='ltr'>lteltcttans</span> <span class='ocrx_word' id='word_1_271' title='bbox 763 4105 888 4218; x_wconf 86' lang='lat' dir='ltr'>(unde</span> <span class='ocrx_word' id='word_1_272' title='bbox 900 4113 1022 4204; x_wconf 86' lang='lat' dir='ltr'>oritur</span> <span class='ocrx_word' id='word_1_273' title='bbox 1040 4118 1194 4226; x_wconf 78' lang='lat' dir='ltr'>privata</span> <span class='ocrx_word' id='word_1_274' title='bbox 1218 4106 1405 4296; x_wconf 69' lang='lat' dir='ltr'>cujuspue</span> 
     </span>
     <span class='ocr_line' id='line_1_37' title="bbox 784 4216 1404 4324; baseline -0.005 -21"><span class='ocrx_word' id='word_1_275' title='bbox 784 4219 826 4303; x_wconf 93' lang='grc' dir='ltr'>Ο</span> <span class='ocrx_word' id='word_1_276' title='bbox 891 4293 895 4302; x_wconf 94' lang='grc'><em>.</em></span> <span class='ocrx_word' id='word_1_277' title='bbox 1113 4259 1116 4266; x_wconf 48' lang='grc'>’</span> <span class='ocrx_word' id='word_1_278' title='bbox 1169 4219 1323 4304; x_wconf 84' lang='lat' dir='ltr'>beatrtu</span> <span class='ocrx_word' id='word_1_279' title='bbox 1352 4216 1404 4324; x_wconf 91' lang='grc' dir='ltr'>ο)</span> 
     </span>
    </p>
   </div>
   <div class='ocr_carea' id='block_1_4' title="bbox 0 0 1696 4578">
    <p class='ocr_par' dir='ltr' id='par_1_4' title="bbox 0 0 1696 4578">
     <span class='ocr_line' id='line_1_38' title="bbox 0 0 1696 4578; baseline 0 1"><span class='ocrx_word' id='word_1_280' title='bbox 0 0 1696 4578; x_wconf 95' lang='lat' dir='ltr'> </span> 
     </span>
    </p>
   </div>
  </div>
 </body>
</html>
