3400 4566
189 561 250 672 s·
550 563 1049 674 cnrurvr,
1170 507 1171 512 i

187 679 193 723 i

238 853 302 956 De
318 857 370 954 iis
399 885 491 988 qua
521 855 567 952 in
585 850 700 982 Lege
716 850 892 951 Nature
915 845 1111 984 generali
1127 849 1426 960 continentur..
1450 850 1456 938 .’

197 1207 276 1304 §.t
345 1207 516 1293 Tabilito
539 1209 580 1291 in
611 1204 909 1320 precedentibus
935 1204 1140 1290 universali
1172 1230 1366 1319 precepto
1392 1211 1443 1296 de

69 1411 72 1420 ¹
280 1217 341 1420 S
353 1317 617 1430 prosecutione
641 1319 740 1402 Boni
765 1319 1004 1418 Communis,
1026 1315 1270 1402 necessarium
1288 1319 1451 1404 videtur»

194 1429 294 1512 iniis
319 1458 402 1540 quae
426 1432 658 1542 sequuntur,
683 1430 874 1538 explicare
903 1428 1247 1535 (1JQ1aenamilta
1278 1429 1442 1541 fintquae

192 1539 293 1620 intra
305 1541 489 1625 ambitum
505 1545 603 1652 Boni
626 1541 853 1622 Communis
864 1538 1188 1646 complectimur?
1231 1543 1259 1646 ζ
1262 1538 1309 1644 2)
1323 1543 1441 1641 Qtae-

191 1675 278 1730 nant
311 1653 478 1736 adiones
500 1653 691 1734 ullatenus
715 1651 911 1758 pertinent
934 1650 982 1729 ad
1015 1647 1097 1750 ejus
1113 1649 1437 1754 prosecutionem,

188 1779 307 1866 atque
326 1761 427 1842 adeo
443 1759 514 1843 htc
527 1761 613 1870 lege
625 1759 886 1867 quadantenus
899 1757 1141 1864 dirigantur?

197 1951 220 1978 ,Α
241 1869 309 1950 De
335 1871 468 1978 priore
483 1872 560 1950 haec
582 1865 911 1952 tantumbreviter
930 1867 993 1949 hic
1007 1866 1171 1950 dicenda
1193 1869 1367 1967 veniunt,
1393 1873 1442 1952 &-

184 1973 230 2056 ii's
242 2006 327 2087 quae
341 1985 379 2060 in
402 1981 530 2090 capite
543 1979 587 2062 de
599 1976 1110 2081 Bonodixintusadjicienda.
1154 1977 1350 2076 Qtoniarn
1362 1981 1435 2087 Sy·

186 2079 354 2169 stematis
377 2091 486 2190 illius,
510 2095 621 2198 cujus
641 2089 785 2172 bonum
806 2089 870 2172 hic
891 2087 1088 2196 praecipue
1101 2084 1321 2192 spectamus,
1344 2117 1438 2192 par«

42 2199 46 2218 '
184 2197 336 2280 tessunt
361 2199 723 2299 Deusuhomines,
739 2199 908 2306 sequitur
921 2227 967 2280 ea
989 2199 1119 2281 omnia
1133 2195 1208 2278 huc
1222 2200 1440 2305 pectinem.

180 2331 266 2416 quae
291 2309 331 2391 in
352 2311 433 2394 Dei
459 2311 610 2396 honore
632 2311 698 2394 seu
720 2309 862 2417 gloria,
883 2311 924 2391 8<
949 2307 1436 2394 hominum.foelicitatein··

179 2437 287 2524 tegra
316 2421 576 2518 continentur,
604 2439 672 2502 aut·
690 2445 927 2528 quaecunque
952 2444 1085 2499 eorum
1109 2440 1257 2498 mentes
1280 2421 1322 2498 8(
1343 2444 1435 2499 cor·¹
1523 2449 1525 2456 ·

179 2553 276 2632 pora
292 2529 509 2638 perficiunt.
553 2527 940 2636 Praetereaquoninm
966 2525 1435 2634 aggregatumhorninum.
1549 2526 1553 2536 ’

178 2641 347 2721 omniunt
370 2641 523 2749 (utalia
538 2639 720 2750 pleraque
743 2627 1112 2740 emultisconflata)
1127 2631 1434 2729 commodissime,

178 2743 385 2858 resolvitur
399 2751 524 2860 primo
539 2753 578 2832 in
601 2773 731 2860 partes
743 2747 982 2854 majusculas,
993 2774 1084 2830 mox
1098 2748 1168 2832 illae
1189 2746 1228 2846 in
1242 2747 1433 2850 minorcsp

175 2875 295 2966 atque
315 2856 370 2942 hae
382 2861 544 2944 tandem
560 2861 599 2940 in
618 2861 818 2954 minimas3
842 2857 1002 2958 scilicet,
1017 2857 1142 2966 primo
1158 2859 1195 2938 in
1209 2881 1344 2964 gentes
1356 2858 1435 2940 seu.

172 2970 356 3066 nationes
379 2973 517 3068 varias,
543 2967 685 3054 deinde
707 2967 935 3068 infantilia's,
961 2973 1003 3050 8<
1026 2964 1160 3046 ultimo
1181 2968 1223 3045 in
1248 2968 1430 3058 homines·
1466 3021 1469 3030 ι
1500 2985 1506 2996 “

172 3073 584 3190 tigillatimspeiiatos3
613 3079 696 3186 pari
708 3079 860 3161 ratione
871 3101 956 3188 quae
972 3073 1186 3159 horninibus
1198 3073 1303 3156 bona
1315 3076 1417 3172 sunt,

172 3207 217 3268 ea
244 3189 424 3298 gentibus
448 3191 603 3299 integris
624 3211 688 3269 aut
707 3189 825 3270 etiarn
848 3187 1022 3295 pluribus
1041 3207 1106 3266 aut
1123 3181 1302 3266 univerfis
1328 3211 1420 3290 pro·

136 3347 144 3364 ·
169 3293 281 3388 sunt3
312 3302 437 3411 qualia
460 3301 547 3384 sunt
572 3329 617 3382 ea
642 3297 842 3408 dequibus
866 3297 1039 3408 praecipit
1060 3292 1215 3376 Moralis
1238 3291 1423 3392 Philoso·,

172 3407 262 3514 phia
277 3415 316 3494 8<
331 3409 399 3516 Jus
412 3413 595 3491 Gentium
622 3407 725 3516 (quae
748 3409 827 3490 duo
838 3409 935 3490 inter
946 3408 986 3489 se
999 3403 1208 3490 admodum
1230 3405 1315 3485 suut
1337 3399 1420 3484 affi-
1551 3425 1556 3446 ⁸

168 3515 230 3596 nia
245 3513 280 3621 5)
306 3521 379 3602 alia
405 3521 490 3601 sunt
506 3519 572 3602 uni
588 3517 759 3617 Civitati,
787 3519 852 3599 seu
873 3515 1091 3602 homiuibus
1115 3508 1182 3594 sub
1210 3539 1289 3596 uno
1313 3513 1415 3622 regi·

167 3629 273 3708 tuine
288 3627 400 3712 Civili
424 3629 642 3727 commoda,
657 3627 705 3710 de
717 3627 854 3737 quibus
872 3627 981 3735 leges
993 3633 1130 3708 corum
1154 3623 1300 3708 Civiles
1317 3648 1415 3734 prae·

57 3799 76 3840 *p
166 3735 342 3844 cipiuntt
371 3741 443 3824 aliu
468 3739 584 3823 unicae
609 3736 760 3820 familiae
780 3735 964 3818 utilitates
988 3733 1173 3842 spedant‚
1201 3735 1251 3817 de
1274 3735 1413 3846 quibus

166 3855 410 3933 oeconomice
438 3872 555 3960 agunt
577 3849 740 3954 regulae:
771 3847 955 3955 Denique
976 3847 1049 3926 alia
1063 3841 1146 3927 sunt
1165 3848 1278 3927 unico
1291 3843 1417 3954 cuivis

164 3960 309 4042 homiui
329 3963 489 4070 propria
516 3957 735 4052 commoda,
762 3955 969 4066 dequibus
993 3955 1217 4066 precipiunt
1236 3979 1314 4034 turn
1330 3951 1411 4032 Lo-

164 4063 264 4180 gia,
282 4074 324 4154 8<
340 4068 555 4174 Diaetetica,
578 4063 866 4255 tundisqplinae
881 4094 1015 4152 omnes
1037 4061 1243 4172 prediuaes
1272 4079 1411 4170 quatee

779 4197 847 4280 t3
1039 4197 1043 4208 ·
1342 4193 1412 4250 nus

1569 4310 1624 4328 A.
