3392 4572
694 195 979 330 Cinsesiarim
1350 239 1464 344 397·-

191 368 365 485 apertius
393 371 430 470 s·
450 393 489 473 4.
520 363 689 474 ejusdem
702 367 852 480 capitis,
862 367 1260 456 servosficarceribns
1277 393 1341 458 aut
1355 381 1447 464 vin·

192 487 289 572 culis
308 480 538 567 cohibentur
561 474 655 560 nihil
670 475 942 566 sacerecnntra
955 480 1080 590 Leges
1100 483 1295 568 naturales
1322 483 1348 567 fi
1371 488 1443 574 do·
1537 495 1540 502 '

191 593 334 680 minum
360 589 465 675 suum
486 585 762 674 interfecerint.
820 589 913 672 Haec
936 615 1066 684 autern
1095 591 1221 676 omnia
1245 593 1295 678 ab
1319 599 1443 682 eodi-

190 729 330 790 cuntur
343 701 392 784 ad
417 698 642 810 explicanda
671 701 752 802 jura
778 699 945 810 imperii,
981 701 1046 786 seu
1070 700 1256 788 Civitatis
1282 728 1442 790 natura·

191 817 237 897 lis
262 843 346 924 quae
368 811 578 921 acquiritur
593 809 766 916 potentia
791 833 860 892 aut
888 811 1036 896 viribus
1059 813 1306 914 naturalibus,
1319 843 1439 924 quam
1582 849 1585 856 ¹

192 941 270 1010 tum
297 925 451 1008 demum
473 915 654 1006 constitui
670 917 737 1020 ait,
771 915 858 1004 ciam
881 919 991 1006 bello
1016 924 1130 1033 capti,
1149 925 1213 1004 vel
1241 923 1348 1024 visti,
1374 927 1438 1009 vel

191 1035 338 1120 viribus
364 1029 433 1116 suis
453 1027 686 1114 diffidentes.
704 1030 846 1114 vistori
871 1032 935 1114 vel
957 1031 1115 1118 fortiori
1137 1034 1366 1142 promittunt
1397 1037 1438 1119 se

190 1147 229 1232 ci
258 1145 473 1230 servituros
494 1138 588 1248 effe,
608 1159 649 1221 ut
672 1160 777 1246 patet
793 1140 863 1238 es.
880 1167 914 1224 1.
945 1142 1114 1247 eiusdem
1132 1145 1283 1253 capitis.
1315 1145 1365 1232 Et
1386 1167 1438 1228 ert

189 1253 360 1340 historiis
374 1248 552 1336 fidiffimis
577 1249 795 1351 notumest,
809 1251 1337 1362 pleraquennrniaquaenunc
1357 1251 1431 1340 flo-

189 1389 274 1452 rent
299 1362 461 1474 Imperia
484 1361 555 1446 hsc
578 1361 730 1444 ratione
752 1355 865 1446 fuisse
881 1359 1101 1448 constituta.
1172 1365 1437 1450 Perniciosunr

188 1480 320 1587 itaque
344 1476 400 1560 est
425 1469 604 1560 omnibus
617 1469 830 1574 hujusmodi
853 1473 1095 1581 Imperiis,ut
1108 1471 1203 1598 (per
1229 1473 1449 1557 Hobbiana.

190 1586 401 1779 principia)
409 1583 541 1668 statim
556 1579 762 1690 postquam
773 1581 958 1688 Princeps
969 1583 1211 1670 ullnindrcro
1222 1583 1436 1668 ostenderit

206 1727 228 1780 e
251 1695 441 1808 aliquibus
452 1689 601 1776 suorum
627 1688 869 1776 subditorum
894 1691 1152 1778 obedientiam
1177 1694 1436 1798 promittenti·

188 1797 1435 1912 busnoncredere,1iberenurt11isuasubjeuione,a<pauisnon

189 1912 604 2019 obstantibus,absque
626 1912 840 1996 violatione
860 1909 1009 2018 Legum
1023 1912 1254 1996 naturalium
1278 1913 1435 2022 Regem
1474 1997 1481 2010 ,

187 2027 299 2114 suum
321 2025 394 2110 iliis
416 2019 630 2106 interficere
652 2023 779 2105 liceat.
837 2021 876 2101 Si
891 2021 1077 2106 *subditus
1099 2024 1362 2106 incarceretur
1390 2028 1434 2110 δι

188 2163 384 2224 carcerem
411 2133 655 2244 perfringere
678 2127 891 2242 posinunt
918 2130 1093 2218 custodes
1116 2157 1365 2324 corrumpere
1386 2155 1441 2218 ut.

187 2247 347 2348 euadat,
368 2243 391 2330 a
413 2245 519 2356 pasis
540 2242 858 2352 jurata‘queiiegi
884 2237 1073 2328 fidelitate
1096 2236 1147 2322 ab
1174 2241 1267 2325 Hob
1296 2247 1337 2328 io
1365 2241 1433 2326 ab·

186 2357 369 2456 soluitur,
391 2355 645 2440 rebellionem
671 2372 828 2438 moveat
857 2348 933 2435 fine
952 2351 1125 2437 crimine.
1182 2352 1278 2436 Iden
1305 2373 1433 2436 autern

186 2465 461 2578 periculosiora
475 2463 555 2548 sunt
565 2463 848 2571 haenqnoniam
860 2459 962 2570 figna
975 2487 1141 2572 quornm
1155 2488 1234 2570 ope
1245 2460 1433 2572 dijudica·

187 2605 271 2664 mus
289 2607 337 2662 an
362 2575 557 2684 Principes
581 2572 700 2676 nobis
717 2569 834 2656 fidem
854 2571 1022 2656 habeant
1047 2599 1185 2668 necne,
1209 2569 1325 2656 valde
1349 2566 1432 2654 sunt

187 2683 578 2796 incerta,eorr‘rmque
602 2681 697 2770 salus
718 2683 876 2768 multam
926 2679 1067 2766 ustulat
1089 2683 1290 2780 cautelam,
1327 2682 1448 2764 unde-

188 2797 362 2884 homines
375 2795 590 2904 suspiceres
603 2793 714 2880 sacile
734 2792 846 2880 conci
902 2813 969 2876 ent
983 2788 1096 2879 fidem
1119 2788 1183 2876 fibi
1194 2821 1273 2900 nnn
1284 2789 1431 2894 haberi,

187 2908 307 3017 seque
326 2905 461 2992 adcisa
480 2899 894 3012 subjcasiinneliberari.
953 2901 1075 3004 and
1091 2899 1432 2988 fisolamincarce·

186 3019 375 3109 rationem
399 3014 461 3098 seu
481 3016 737 3126 privationem
757 3011 949 3096 libertatis
987 3011 1198 3119 corporalis
1223 3039 1299 3121 pro
1325 3010 1448 3118 srgnn.

187 3123 387 3214 sufficiente
408 3122 497 3208 fidei
525 3153 604 3212 non
634 3120 769 3208 habitae
791 3118 972 3210 sumamus
997 3119 1123 3232 (quod
1146 3143 1277 3206 tamen
1317 3118 1430 3206 Hob·

188 3236 273 3326 biur
295 3265 375 3322 non
395 3234 616 3346 probarin)
633 3263 681 3320 ea
694 3255 822 3318 tamen
846 3229 940 3339 saepe
959 3228 1004 3318 fit
1027 3253 1074 3318 ut
1085 3229 1347 3314 custodiantur
1360 3253 1430 3311 ex-

187 3347 378 3432 aminandi
409 3347 476 3454 qui
495 3343 603 3448 sorte
623 3342 945 3428 suntinnocentes
969 3348 1009 3430 δι
1032 3341 1087 3426 ob
1098 3342 1248 3426 leviora
1259 3338 1428 3437 crimina,
1605 3339 1614 3357 '

187 3485 381 3569 nunquam
404 3478 449 3540 ut
474 3451 618 3563 signum
642 3453 686 3538 fit
708 3453 913 3544 voluntatis
941 3452 1126 3562 Principis
1150 3450 1200 3535 de
1226 3445 1381 3534 subdito
1405 3451 1441 3534 av

187 3567 428 3674 subjectione
454 3568 571 3674 pann
595 3562 725 3650 debita
753 3562 962 3648 liberando.

243 3680 283 3775 s.
313 3681 403 3761 XV.
434 3679 625 3764 Praeterea
650 3673 848 3757 civitatum
859 3669 1289 3760 omniumsundamenta
1301 3664 1438 3752 subru·.

187 3794 220 3874 it
239 3787 351 3898 quod
373 3790 413 3870 in
423 3785 529 3872 libro
552 3785 740 3868 decrvec.
760 3805 800 3866 α.
833 3785 869 3882 s.
902 3806 963 3866 11.
992 3783 1142 3882 docuit,
1157 3780 1264 3892 pasia
1284 3781 1324 3861 in
1335 3781 1425 3888 qui·

186 3897 257 3984 bus
271 3897 501 4008 paciscentes
515 3897 698 4005 utrinque
710 3892 778 3978 srbi
791 3893 955 3978 invicem
971 3891 1149 3992 credunt,
1166 3913 1307 3974 neutro
1318 3888 1428 3997 quic·

185 4035 306 4122 quam
321 4005 444 4090 statim
458 4007 672 4116 prestante,
698 4002 724 4086 sr
743 4001 920 4109 justuserr
936 4000 1081 4086 utravis
1095 4003 1427 4113 partemetusori·

183 4141 285 4224 arur,
299 4147 349 4206 nc
375 4143 460 4227 pars
482 4119 605 4204 altera
620 4143 698 4204 nnn
724 4111 766 4198 srr
779 4114 989 4223 praestitura
1012 4111 1118 4226 quad
1146 4107 1331 4222 promisit,
1350 4105 1428 4190 effe

704 4223 812 4312 Eue
841 4249 873 4336 3,
1246 4217 1428 4317 invalida,

1614 4375 1660 4388 Ἃ
