3400 4566
232 55 240 70 .
282 157 373 257 292
500 121 564 230 De
594 117 706 253 Lege
724 59 909 216 Natura
937 110 1104 252 ejusque
1113 89 1376 248 obligatione.

278 310 475 403 communi
494 309 675 396 rationali
703 329 837 394 natura
852 309 984 394 oritur
995 303 1187 393 neceffitas
1202 334 1246 394 ut
1260 307 1423 422 quisque
1433 309 1523 396 uni·

281 423 465 510 versarem
480 419 697 504 exercendo
709 419 1033 518 benevolentiam,
1044 443 1246 504 commune
1257 417 1525 530 'semperquae-
1644 417 1648 428 '

183 557 187 570 ’
269 557 345 624 ’παι
371 533 528 631 bonum,
555 529 739 640 suumque
755 527 902 612 tantum
923 551 967 626 ut
988 530 1069 634 ejus
1090 551 1253 639 partem,
1276 529 1395 642 eique
1419 527 1523 612 adeb

283 643 592 744 subordinatum,
605 669 688 751 quae
706 639 817 748 Legis
832 639 1025 722 Naturalia
1039 641 1180 723 summa
1196 636 1260 720 est.

343 751 540 854 Quoniam
562 747 1127 836 auteminhocrariocinattum
1147 745 1349 856 systemate
1366 744 1526 830 unusest

289 864 455 948 omnium
472 860 631 966 Auston
653 858 937 966 conservator,
958 861 1000 940 ὃ(
1019 857 1226 966 Dominus,
1238 858 1349 956 cujus
1364 858 1528 940 arbitrio

264 969 373 1084 'quae
391 969 440 1051 ad
464 969 629 1052 aliorum
651 967 821 1050 omnium
833 964 1070 1066 foelicitatem
1084 966 1297 1050 ‘neceisaria
1309 964 1391 1048 sunt
1402 965 1529 1076 dispo-

290 1105 431 1168 nuntur
457 1078 680 1187 praecipubt
703 1077 883 1186 adeoque
909 1077 957 1158 ab
983 1075 1066 1182 ejus
1091 1077 1295 1188 voluntate
1318 1103 1368 1158 ex
1384 1077 1430 1158 iis
1443 1101 1528 1184 quae

274 1191 384 1278 ¹feeit
407 1189 497 1272 noti
533 1184 725 1270 neceffitas
750 1187 849 1266 hunc
870 1184 998 1267 finem·
1012 1184 1283 1296 prosequendi,
1306 1192 1347 1270 &
1374 1183 1530 1268 idoneas

293 1303 461 1386 artiones
483 1245 614 1402 (velut
627 1297 753 1378 media
766 1295 818 1379 eb
836 1294 1040 1402 facientia)
1053 1295 1235 1378 exerendi
1257 1291 1530 1404 proficiscitura

295 1411 485 1518 obligatio
499 1406 631 1515 iraque
645 1406 693 1486 ad
717 1407 812 1488 tales
825 1406 925 1488 astris
941 1407 1021 1508 ejus
1033 1407 1156 1487 veluti
1169 1403 1384 1511 imperantis
1397 1405 1530 1484 volun·

296 1521 368 1602 tati
386 1515 454 1600 soli
479 1515 619 1597 merirb
640 1513 848 1595 ascribitur.
892 1519 1119 1623 Quanquam
1135 1513 1530 1596 naturaaliorurnom·

288 1632 400 1714 nium
426 1623 686 1730 rationalium,
710 1623 810 1705 inter
823 1649 921 1732 quos
936 1623 1034 1705 suam
1057 1621 1225 1734 quisque
1238 1645 1428 1720 numeret,
1442 1615 1533 1704 indi·

301 1762 364 1822 cet
377 1734 488 1820 nobis
502 1732 595 1843 quid
611 1733 724 1814 rebus
736 1735 789 1812 ita
815 1731 1030 1816 constitutis
1043 1731 1142 1818 fobu
1161 1732 1202 1814 iit
1223 1729 1484 1830 trecenarium,
1494 1751 1535 1812 ut

299 1844 537 1954 assequamur
561 1837 674 1924 finem
702 1841 826 1924 nostra
862 1842 1057 1926 foelicitate
1090 1844 1292 1948 majorem,
1320 1840 1389 1952 qui
1410 1863 1539 1922 tamen

301 1985 386 2082 eam
398 1977 590 2063 quatenus
609 1951 774 2035 obtineri
788 1951 915 2060 potest
927 1955 1052 2037 secum
1077 1952 1192 2054 feret,
1207 1975 1250 2033 ut
1274 1947 1538 2062 eapieniffime

295 2088 504 2176 portamur.
779 2135 782 2141 .

290 2223 301 2254 ·.
356 2173 501 2256 Inhac
526 2193 652 2265 autern
675 2170 814 2282 analyfi
840 2171 1059 2301 quaestionis
1079 2183 1197 2290 quam
1221 2175 1474 2280 proponimus
1494 2171 1543 2253 de

210 2284 217 2294 '
287 2341 288 2344 κ
305 2281 427 2366 modo
453 2309 498 2362 ac
528 2281 675 2366 uirendi
693 2283 882 2388 singularis
902 2279 1104 2391 cujussibet
1124 2281 1286 2365 huminis
1306 2279 1542 2366 soelicitatem

306 2400 347 2479 in
372 2310 911 2502 quibutbbetcircumstanriir,
934 2393 972 2474 id
994 2393 1204 2498 contingit,
1226 2391 1338 2499 quod
1352 2391 1544 2502 plerisque

308 2499 634 2588 mitumfortaffe
655 2501 858 2592 videaturs
885 2503 995 2618 qupd
1019 2527 1146 2586 tamen
1169 2502 1206 2581 in
1220 2501 1301 2582 anal
1335 2499 1543 2586 srG'eome·

308 2611 403 2694 trica
426 2608 520 2720 saepe
540 2597 637 2692 solet
665 2613 865 2700 acciderer
892 2639 1030 2721 nempe
1053 2617 1154 2696 utin
1177 2531 1451 2719 disquibtiouis¹
1472 2607 1545 2690 fine

309 2717 528 2802 inveniatur
553 2749 634 2804 nou
656 2721 696 2802 id
717 2718 836 2802 solum·
857 2720 965 2832 quod
991 2721 1116 2830 primb
1139 2719 1403 2830 quaerebatun
1424 2720 1488 2804 sed
1507 2721 1556 2801 ἃ.

309 2827 384 2908 alia
397 2827 445 2908 ad
466 2853 548 2910 rem
565 2826 812 2935 pertinentia,
837 2827 1034 2938 dequibus
1061 2827 1391 2942 quiquaestionem
1415 2847 1547 2914 moret

310 2963 556 3048 nequaquam
568 2957 652 3018 erat
673 2935 864 3023 sollicitus.
905 2939 1103 3022 Invenitur
1124 2941 1224 3023 enim
1244 2939 1374 3048 primb
1397 2939 1549 3048 respon·

311 3045 380 3149 sto,
395 3043 460 3128 seu·
471 3047 615 3132 solutio
636 3049 839 3154 generalis,
862 3078 945 3160 quae
958 3079 1036 3134 non
1049 3049 1150 3130 unici
1170 3048 1272 3132 illius
1297 3047 1460 3132 hominis
1475 3047 1549 3130 cir·

314 3155 545 3248 cumstaotiia
570 3159 862 3243 accomodata
894 3159 961 3255 est,
986 3157 1046 3241 sed
1069 3155 1272 3262 cuiussibet
1295 3161 1469 3256 alterius,
1493 3177 1552 3239 ut·

315 3289 411 3376 pote
429 3269 576 3372 pariter
600 3265 1046 3377 &Deobominibtisque
1069 3269 1150 3350 aliia
1169 3269 1400 3378 pendentis5
1429 3265 1551 3348 {mmb

315 3379 475 3482 integrae
490 3398 622 3482 gentes
648 3371 862 3461 eadem-via·
879 3377 933 3459 ¹nd
945 3377 1049 3460 suam
1062 3375 1302 3464 foelicitatem·
1321 3377 1552 3482 diriguntur.

317 3483 553 3568 universalia
573 3483 712 3567 scilieet
724 3485 803 3566 haec
827 3487 1117 3585 benevolentia,
1146 3495 1185 3573 8(
1206 3485 1497 3596 canonia-quae
1516 3486 1554 3566 in

234 3673 236 3678 ,
319 3593 541 3678 Communis
562 3592 655 3678 boni
668 3623 759 3677 cura
772 3597 1017 3679 continentur
1028 3619 1234 3706 precepta,
1256 3603 1296 3684 8<
1310 3595 1556 3704 finguiosbo·

320 3705 440 3786 mines
468 3710 509 3788 &
536 3703 704 3812 integras
726 3707 899 3790 nationes
928 3707 1088 3790 eandem
1113 3709 1168 3791 ob
1193 3707 1340 3792 causam
1364 3707 1560 3815 obligant,

321 3835 485 3920 propter
507 3812 812 3924 quamfingulari
827 3819 939 3900 alicui
954 3813 1036 3898 sunt
1059 3813 1559 3928 observanda‚utconfide·

317 3923 443 4016 raudo
470 3946 589 4028 paret.
626 3925 807 4008 Secu'ndb
830 3929 939 4009 etiam
964 3953 1015 4008 ex
1036 3927 1176 4008 eadem·
1192 3923 1559 4036 anaiystostenditut

316 4033 522 4138 ¹quomodo
546 4031 736 4122 limitanda
763 4031 806 4118 fir
830 4035 991 4148 quaestio
1006 4033 1205 4146 (qnaefine
1223 4041 1455 4227 limitationlq
1469 4063 1564 4251 pro}

1321 4173 1426 4254 poue
1455 4169 1543 4226 atur
