3392 4572
279 167 375 310 338
574 209 576 218 ψ
610 157 675 260 Dr
701 157 864 294 origine
895 151 1085 258 Dominii
1110 165 1164 267 (o

280 372 369 430 nem
394 341 418 426 “a
440 335 578 453 quitur
592 335 664 420 alia
687 333 817 422 omnia
830 329 1233 526 psenpentcpmmolda,
1246 349 1288 415 ut
1301 331 1532 470 iimitcnmr,

280 443 1534 683 itt,titttuntttttztttttttsztttint:

284 681 439 764 citatem
463 672 606 782 pariter
631 667 877 752 necessatium
900 663 1000 750 effe:
1029 665 1120 778 quia
1145 665 1293 752 Totum
1319 665 1341 749 i
1390 669 1533 756 artibus

282 789 390 872 fimnl
414 784 570 892 sumptis
590 807 667 865 non
693 777 946 888 distinguitur.
992 777 1180 968 Deripue
1209 696 1413 860 manifeffu

1414 783 1534 868 mest

284 899 338 984 ob
355 905 560 1008 paritatem
573 889 778 976 rationitin
799 887 993 988 omnibus,
1009 913 1093 1000 quae
1120 887 1326 985 uccedunt,
1351 897 1536 1004 tempori-

284 1010 355 1094 bus
371 1003 635 1089 limitationem
658 999 755 1082 hanc
775 997 825 1084 ad
849 1021 1002 1109 tempus
1022 997 1158 1085 sanam
1180 995 1396 1083 necessario
1412 1005 1556 1092 comi..

285 1115 566 1204 uuandameffe
584 1114 633 1198 ad
658 1111 821 1196 eundem
842 1105 974 1215 finem,
994 1109 1059 1192 vel
1082 1111 1122 1190 in
1142 1109 1273 1196 iisdem
1293 1107 1408 1193 rebus
1423 1117 1537 1200 velia

286 1233 370 1314 aliis
382 1255 467 1338 quae
480 1225 707 1310 tantundem
727 1216 905 1333 praestare
920 1213 1077 1330 poffint.
1112 1220 1157 1303 in
1169 1223 1393 1308 continuata
1409 1249 1539 1312 autern

285 1342 361 1424 hnc
383 1339 613 1423 limitatione
637 1357 766 1416 rerum
788 1359 833 1413 ac
857 1353 1067 1441 operarum
1083 1327 1332 1417 humanarum
1346 1337 1396 1419 ad
1417 1337 1540 1446 singu·

286 1451 413 1538 lotum
436 1449 555 1530 vitam
569 1453 615 1529 'ac
640 1439 901 1527 valetudinem
924 1444 1191 1554 integramque
1205 1442 1449 1530 foelicitatem
1472 1469 1540 1530 ne·

287 1558 528 1642 cessariarum
549 1575 634 1638 tota
661 1551 835 1649 effentia,
857 1553 916 1634 vis
939 1553 980 1636 &
994 1551 1118 1636 virtus
1135 1556 1386 1664 proprietatis
1407 1560 1449 1641 δι
1469 1558 1542 1642 do·

287 1671 399 1754 minii
417 1670 664 1748 continetur:
690 1688 918 1773 quanquam
944 1660 1122 1768 adjuncta
1143 1663 1315 1774 quaedam
1330 1665 1385 1748 ilii
1403 1669 1426 1749 ὲ
1447 1669 1543 1777 legi·

288 1775 363 1862 bus
386 1775 564 1862 civilibus
579 1775 669 1860 addi
686 1769 837 1884 poffint.
880 1771 1031 1854 Natura
1042 1771 1178 1883 itaque
1200 1773 1399 1860 manifesto
1423 1777 1547 1862 docet-

289 1885 505 1976 dominium
518 1891 559 1972 in
579 1913 640 1970 tea
664 1883 899 1995 &personas
913 1881 959 1965 ad
985 1909 1188 1968 commune
1204 1889 1379 1970 omnium
1394 1889 1545 1975 bonum

290 1999 506 2086 necessario
529 1991 837 2085 constituendum
850 1991 927 2078 eise
947 1989 997 2101 (fi
1013 1993 1249 2104 supponatur
1265 1997 1305 2080 in
1322 1999 1452 2109 primo
1464 2028 1548 2084 mo·

291 2103 840 2210 mentononconstitutumt)
862 2131 927 2190 aut
941 2103 1072 2216 potina
1084 2106 1191 2190 velut
1198 2110 1277 2217 jam
1292 2107 1546 2196 constitutum

293 2221 316 2308 ὲ
333 2221 456 2333 prima
468 2220 580 2308 causa
593 2217 858 2328 accipiendum
874 2217 952 2302 esi'e
966 2217 1008 2300 δι
1022 2216 1336 2304 conservandum.

244 2345 248 2353 ’
336 2331 468 2432 ΜΗ.
498 2329 764 2417 Reducuntur
789 2327 872 2412 haec
891 2329 933 2412 in
950 2324 1044 2436 legit
1076 2329 1261 2411 naturalis
1287 2328 1455 2416 sormam
1475 2331 1547 2420 boc

270 2443 429 2530 modo.

351 2555 500 2636 Rerum
526 2550 547 2634 a
573 2553 697 2661 prima
730 2548 840 2630 causa
864 2543 1042 2634 sanatum
1076 2569 1211 2628 natura
1243 2549 1379 2660 aperte
1406 2550 1548 2638 indicat

294 2665 400 2747 illam
413 2657 579 2748 voluisse
596 2685 730 2742 omnes
745 2659 1160 2760 atiionesuoiuntatias
1174 2657 1455 2772 Rationaiittm,
1466 2693 1548 2776 quae

295 2769 512 2856 neceffariae
534 2769 619 2852 sunt
640 2769 688 2850 ad
706 2767 1008 2852 conservandam
1024 2767 1410 2884 constituendanque
1426 2773 1549 2884 fingu-

293 2885 340 2967 lia
363 2877 641 2992 proprietatem
654 2877 693 2958 iit
706 2875 897 3004 aiiquibus
913 2875 1114 3007 tebuaaut
1129 2879 1317 3010 personia,
1329 2883 1553 2969 ncceffatias

297 2987 1557 3214 tatuit:stti,sigitoztitt‘ttgttittqttffttt

299 3246 344 3298 ac
369 3215 496 3324 poenis
514 3213 679 3322 obligari
692 3211 741 3294 ad
753 3208 911 3296 dominii
933 3210 1130 3316 cujusdam
1156 3209 1469 3302 constitutionem
1484 3239 1557 3300 aut

298 3327 539 3434 agnitionem
559 3321 971 3422 &conservationem
996 3321 1325 3430 quaobtigantur
1348 3325 1396 3408 ad
1420 3323 1555 3434 prose·
1679 3377 1680 3386 κ

300 3433 494 3520 curionem
518 3431 615 3522 boni
629 3427 770 3538 publici
787 3455 971 3540 quantum
986 3433 1028 3515 in
1041 3429 1127 3539 ipfit
1141 3431 1210 3514 est.
1257 3431 1393 3518 Velfic
1419 3437 1555 3524 brevi·

299 3569 374 3645 tet,
389 3543 495 3625 Data
510 3540 674 3652 Legede
685 3543 927 3653 procuranda
941 3541 1318 3630 communiomniam
1333 3543 1554 3650 faelicitate,

151 3745 154 3754 ¹
299 3655 414 3735 datur
430 3657 513 3736 Lex
528 3653 711 3734 naturalis
726 3655 775 3737 de
795 3652 1068 3738 constituendis
1082 3675 1146 3736 aut
1167 3657 1443 3742 conservandis
1457 3660 1554 3764 juri·

299 3759 372 3846 bus
399 3762 627 3873 fingulorunt
644 3761 821 3874 propriis,
853 3767 893 3846 in
916 3762 961 3848 iis
982 3787 1066 3873 quae
1083 3763 1132 3846 ad
1159 3763 1395 3873 singulorum
1409 3769 1554 3854 foelici·

300 3897 419 3955 tatem
441 3873 522 3957 sunt
536 3873 739 3958 manifesto
752 3873 972 3978 necessaria,
995 3895 1073 3958 tam
1091 3875 1130 3958 in
1145 3877 1318 3983 personis
1337 3877 1472 3965 eortina
1503 3905 1555 3964 ue

301 3982 443 4070 actibus
468 3985 518 4072 ad
550 3987 737 4073 atuiiiutn
774 4005 952 4076 mutuum
979 3983 1190 4098 acquisitis,
1221 3991 1403 4101 quanin
1442 4017 1484 4076 te
1539 4017 1556 4072 a
1679 4087 1680 4116 p

303 4095 398 4220 aliia.

1516 4211 1560 4296 in

1667 4385 1680 4532 t
