3392 4572
365 264 368 270 ·
417 261 420 268 ·
508 192 718 370 Wrtratum
732 222 988 344 Moralium}
1301 267 1392 377 339
1455 198 1458 204 Ι

200 395 469 482 Inhacautem
483 395 592 508 Lege
604 397 689 484 duae
702 397 756 482 hae
772 398 1157 510 partescontinentur
1176 431 1187 488 e
1212 404 1284 515 (1)
1299 409 1396 496 Deo

146 509 287 596 dentur
298 533 384 620 quae
395 507 488 590 sua:
518 507 589 614 (2)
602 507 829 594 Hominibus
850 512 1090 624 pariterquae
1113 515 1205 598 sua:
1237 519 1400 602 Utrum-

174 651 226 706 ue
248 619 335 704 fieri
354 615 508 704 neceffe
534 619 657 702 estut
677 619 802 706 salvus
827 622 922 706 Deo
947 621 1036 706 suus.
1046 621 1088 706 fit
1114 625 1270 730 Honos,
1296 631 1337 712 8(
1352 653 1398 714 ut

145 653 251 816 iuva
281 731 351 818 tint
380 727 599 815 hominibus
627 759 672 814 ea
707 729 811 816 bona
831 732 975 844 quibus
999 731 1066 848 ipfi
1093 734 1134 820 se
1165 735 1397 828 conservent

144 871 192 928 ac
217 837 601 970 perficiant‚aliisque
626 837 803 927 omnibus
820 842 902 927 usui
924 842 1002 974 effe
1030 842 1199 956 poffint3
1227 877 1396 962 quorum

141 947 1397 1180 rueraar2utaentuuuintut222:

135 1186 309 1287 prietatis
328 1179 390 1261 vel
401 1174 559 1258 dominii
571 1173 778 1289 enjusdam,
791 1179 976 1288 quoniam
987 1175 1153 1264 libenter
1170 1175 1299 1264 fateor
1311 1187 1394 1266 Nai-

143 1308 266 1372 turam
291 1315 371 1372 non
383 1287 531 1398 semper
541 1285 711 1372 indicare
735 1283 978 1370 necessariam
998 1286 1075 1374 effe
1088 1287 1277 1393 ejusmodi
1299 1320 1396 1403 pro·

139 1401 345 1590 prietatem
354 1423 440 1508 quae
452 1424 537 1480 cum
552 1397 666 1508 piena
680 1395 1002 1486 rerumdivifione
1015 1398 1288 1508 conjungiturt
1316 1398 1394 1486 sui·

168 1512 225 1594 cit
242 1507 291 1591 ad
304 1505 497 1592 essentiam
512 1533 613 1592 verae
626 1504 870 1618 proprietatis
883 1529 949 1592 aur
970 1505 1132 1594 dominii
1146 1532 1190 1592 ut
1202 1509 1393 1621 quispiam

139 1619 202 1726 jur
226 1617 366 1704 habeat
381 1617 489 1727 Lege
502 1617 690 1702 munitum
714 1617 941 1703 adtenenda
965 1641 1033 1702 aut
1053 1618 1293 1732 disponenda
1309 1649 1395 1706 cer·

142 1728 368 1842 raquaedam
378 1727 710 1827 commodatura,
723 1726 837 1813 verbi
888 1727 995 1828 tatii,
1008 1731 1048 1812 in
1063 1729 1387 1841 fundoindiviso‚

138 1869 221 1958 quo
236 1865 324 1924 curn
337 1837 418 1945 aliis
427 1836 681 1922 communiter
693 1836 835 1922 utimur
848 1755 1186 1948 iuimurquessti
1202 1871 1287 1952 quo
1308 1843 1394 1926 aliia

138 1951 335 2042 nonlicet
364 1975 436 2035 noa
456 1946 675 2034 excludere.
717 1948 758 2032 Si
784 1947 869 2060 quis
890 1946 1054 2031 verbum
1079 1949 1173 2058 hoc,
1190 1961 1390 2059 proprietas

134 2065 281 2154 scilieet
302 2081 372 2146 aut
395 2058 614 2160 dominnm,
642 2055 767 2142 mimis
789 2059 892 2145 rente
914 2055 993 2144 hoc
1016 2061 1059 2142 in
1080 2059 1168 2146 casu
1180 2062 1278 2172 poni
1295 2089 1392 2145 con·

137 2176 326 2280 tendent,
350 2169 446 2254 noio
467 2191 554 2252 cum
582 2195 634 2254 eo
653 2167 706 2252 de
732 2167 930 2254 vocabulo
951 2169 1124 2282 litigare,
1147 2167 1198 2254 de
1218 2199 1262 2255 re
1284 2193 1391 2258 totus
1532 2171 1533 2176 ‘
1686 2131 1688 2196 ἕ

135 2283 217 2369 sum
237 2281 435 2368 sollicitus.
469 2277 634 2364 Grotius
659 2275 705 2360 dt
728 2276 812 2392 ᾔειν.
833 2270 1005 2365 BthIib.
1019 2303 1056 2364 α.
1080 2307 1156 2392 rap.
1180 2305 1219 2365 α.
1236 2279 1330 2393 [νᾶ.
1344 2307 1385 2362 2.

135 2391 305 2506 agnoscit
316 2391 422 2476 usum
436 2389 626 2497 ejusmodi
637 2387 736 2497 juris
752 2387 979 2474 universalis
995 2387 1074 2474 effe
1094 2395 1183 2477 vice
1239 2393 1389 2502 roprie·

114 2531 118 2539 ·
134 2507 236 2592 tatir.
269 2504 356 2586 Nec
367 2501 484 2614 potui
496 2499 735 2584 commodius
745 2498 908 2586 verbum
920 2499 1093 2609 reperire
1104 2528 1186 2611 quo
1202 2422 1236 2584 tP

134 2645 217 2702 rem
242 2615 340 2700 Boni
372 2615 587 2696 communis
609 2605 920 2718 prosecutionem
943 2607 1139 2718 postulare
1170 2633 1216 2695 ut
1238 2609 1389 2724 aliquid

133 2733 188 2856 ita
211 2723 366 2834 fingulia
389 2722 497 2808 suum
510 2718 593 2821 fiat,
607 2741 653 2804 ut
668 2719 983 2805 aiiisnonliceret
997 2717 1037 2802 id
1059 2721 1134 2806 illis
1155 2748 1301 2850 negare
1317 2741 1389 2808 aut

130 2829 1388 3052 titutottuttittfflui‘etz'ttttssff‘t‘ttt?

130 3059 172 3146 in
195 3081 332 3142 omnes
355 3051 562 3138 neceffario
574 3051 757 3136 oriretur.
797 3049 1046 3137 Manifestum
1069 2975 1125 3134 eti
1145 3053 1182 3134 in
1207 3051 1386 3134 Civitati·

130 3167 202 3260 bns
222 3165 376 3276 optime
400 3162 615 3249 constitutis
641 3159 760 3246 multa
782 3162 806 3246 a
827 3160 957 3246 multis
972 3157 1160 3256 indiviiirn
1184 3155 1385 3271 possideri,

130 3275 350 3386 eort'tmque
370 3276 462 3362 alios
486 3273 547 3380 jus
570 3271 716 3358 habere
738 3271 789 3356 ad
808 3274 998 3380 majorem
1026 3275 1145 3354 totius
1169 3269 1385 3382 proventias

128 3377 1384 3607 tratti-,titittf‘ittttttii'tit”ttttbtttm‘itti

125 3635 225 3722 gere
238 3603 362 3715 poffit.
402 3605 501 3690 Tale
514 3606 575 3712 jur
589 3604 637 3690 ad
649 3601 890 3689 usumsedis
946 3607 1106 3690 ationem
1130 3629 1275 3714 retum,
1297 3622 1384 3711 atqt

126 3721 180 3803 ad
206 3715 350 3802 auxilia
374 3717 550 3832 quaedam
573 3714 770 3802 hominnm
787 3743 840 3823 qu
915 3717 938 3801 a
962 3713 1114 3800 nemine
1136 3715 1222 3798 tolli
1237 3713 1383 3822 potest,

126 3829 231 3914 satvt
256 3829 478 3914 reverentii
500 3825 612 3936 Legit
636 3825 855 3926 Naturalis,
882 3825 1044 3937 Deique
1067 3851 1152 3906 eam
1167 3823 1380 3928 sancientis,

117 3939 432 4050 proprietathaut
445 3935 808 4049 dominiicujrsdam
821 3933 1233 4047 nomineappellamua.

183 4053 220 4149 i.
237 4051 307 4132 1v.
337 4050 406 4133 His
423 4051 477 4134 ita
488 4047 691 4158 explicatis
704 4043 824 4130 visum
839 4042 895 4130 est
905 4045 1075 4244 adipicere
1086 4043 1248 4154 Legem,
1261 4069 1379 4155 quarn
1500 4063 1519 4138 ,·

125 4157 250 4246 modo
277 4159 401 4275 posui,
425 4158 657 4248 Naturaletn
682 4185 766 4248 eam
788 4154 940 4269 ipsame
974 4185 997 4244 e
1018 4157 1095 4272 qui
1115 4151 1269 4264 Justiria
1295 4151 1379 4234 uni-

752 4271 831 4352 Xx
861 4291 904 4348 2·
1232 4259 1385 4346 versalia

1214 2499 1390 2612 ignifica·
1560 2502 1564 2510 “
