3410 4574
485 251 489 262 ·
613 205 954 328 stultitiane]
1335 253 1431 366 ¹47

195 399 336 488 lilium
370 413 519 508 gratum
540 389 700 496 faciunt,
722 394 812 480 rard
841 419 968 480 autem
994 391 1196 482 insuavem.
1232 405 1430 506 Qioniam

183 535 324 607 ,autern
336 508 535 592 hicmottis
548 531 627 614 per
643 505 844 590 intervalla
857 506 1044 617 repetitus
1064 510 1162 592 mire
1185 511 1327 619 placet,
1349 535 1431 601 om'·

194 624 329 732 ndniqa
355 615 515 703 tristitiae
536 614 746 701 molestiam
770 617 923 704 strenue
950 619 1115 721 excutit,
1139 623 1227 704 coll'
1262 625 1434 712 erelicet

188 732 397 816 humanam
410 748 605 826 naturam,
627 723 773 834 adipio
792 727 1207 856 quddadinoliendam
1234 731 1272 815 ui
1285 735 1433 819 conser-

189 843 392 928 vationem
413 833 698 948 apitisbricau
711 835 784 940 est,
805 861 843 921 in
856 836 956 922 hanc
976 866 1137 954 quoque
1150 839 1335 928 societatis
1350 843 1433 930 ‘iilo'

192 950 349 1038 cebium
374 947 524 1035 homini
545 953 740 1058 propriam
767 949 1025 1142 propendere,
1048 949 1233 1064 adeoque
1255 953 1434 1042 hallenus

191 1059 369 1149 cometai
387 1059 482 1144 inter
493 1056 533 1140 se
543 1059 766 1144 naturaliter
781 1085 834 1146 iio
870 1087 949 1143 tarn
960 1061 1126 1174 ipsorum
1139 1067 1436 1168 curam,&aliis

189 1171 369 1286 placendi
396 1165 576 1252 studium.
616 1167 826 1280 suspirium
847 1191 992 1271 autem,
1016 1167 1084 1253 etfi
1099 1171 1270 1260 humano
1297 1181 1433 1286 generi

192 1313 274 1369 riori
294 1281 350 1368 cll
406 1278 593 1390 ropiium,
622 1279 662 1361 in
684 1277 905 1364 hominibus
924 1277 1163 1392 frequentius
1192 1283 1433 1388 observatur,

190 1418 267 1480 nec
288 1393 330 1476 iu
353 1309 435 1473 allis
455 1385 693 1492 animalibus,
719 1411 909 1500 quantum
931 1389 1103 1492 memini,
1123 1391 1226 1478 inter
1246 1389 1348 1504 ligna
1362 1398 1434 1480 do·

188 1504 283 1588 loris
297 1523 365 1584 aut
385 1496 650 1582 melancholia
670 1521 926 1587 numeraturi
951 1523 1151 1613 utcunque
1161 1503 1258 1586 vero
1269 1527 1435 1616 propter·

189 1637 332 1700 nexunt
346 1613 445 1694 inter
457 1608 716 1718 pericardium
726 1608 948 1713 humanum,
971 1611 1012 1696 8<
1039 1610 1199 1722 diaphra
1228 1609 1458 1724 nia(quus'

188 1743 300 1810 motu
325 1711 521 1822 efficitur)
541 1719 665 1826 majus
681 1721 800 1832 quini
819 1721 903 1806 aliis
921 1721 1145 1808 animalibus
1169 1640 1281 1808 adeat
1307 1725 1433 1811 Cordi

188 1831 353 1920 hominis
377 1850 686 1926 nocumentum
713 1833 797 1938 ejus
820 1833 969 1942 quippe
991 1853 1121 1915 motus
1145 1835 1234 1918 vitae
1262 1833 1434 1919 humana

187 1939 435 2038 necell'arius,
447 1939 762 2022 extraordinario
774 1937 1073 2070 diaphragmatis
1083 1943 1224 2025 annexi
1236 1965 1348 2026 motu
1356 1965 1437 2024 tur·

186 2050 336 2138 batura
364 2048 499 2132 arato
547 2043 673 2128 uidem
697 2042 852 2154 suspirio
864 2071 1001 2158 parum
1023 2045 1172 2134 tantlim
1185 2049 1365 2135 moleli'iae
1381 2051 1438 2136 al'·

85 2175 93 2183 “
186 2165 332 2262 sertui,
357 2153 495 2242 vertis
517 2071 546 2237 d
567 2153 747 2268 frequens
758 2149 803 2238 sit
816 2181 861 2239 ac
870 2155 940 2241 diu
953 2153 1189 2268 perseveret,
1197 2159 1287 2244 'Coi
1300 2163 1437 2245 mirum

186 2275 233 2356 in
254 2260 842 2366 modnmdelallatur,&officio
856 2263 1126 2378 suoimparfit.
1167 2271 1356 2356 Proxime
1372 2299 1435 2354 ac·

186 2381 294 2468 cedit
312 2376 389 2463 hoc
408 2373 549 2460 malurn
562 2371 703 2459 inorbo
716 2373 772 2458 illl
789 2401 905 2486 quern
918 2374 1121 2488 fingultum
1140 2377 1282 2466 medici
1302 2407 1380 2572 app
1420 2426 1437 2444 .

1382 2383 1417 2464 el

187 2497 288 2595 lant,
313 2492 452 2618 qui,ut
470 2484 681 2570 Lowetius
694 2482 935 2570 inTrall.de
948 2487 1167 2600 cordacap.
1182 2513 1219 2574 a.
1237 2488 1327 2576 redi
1374 2491 1436 2574 ma

191 2597 368 2710 tradidit,
394 2595 487 2680 liclt
517 2594 736 2680 ventriculo
760 2621 903 2680 noxam
929 2617 1047 2708 atque
1071 2595 1313 2682 occasionem
1341 2599 1436 2708 saepe

191 2709 347 2814 debeat,
368 2705 668 2818 diaphragmatis
684 2706 844 2820 proprie
870 2701 1027 2792 affalius
1041 2703 1109 2810 est,
1133 2715 1206 2822 qui
1230 2707 1324 2792 licet
1348 2708 1437 2796 clim

192 2819 318 2910 breuis
332 2813 388 2900 est
411 2819 494 2924 ejus
508 2835 702 2905 morarios
740 2812 845 2900 ariam
855 2811 985 2922 laedat,
1005 2813 1090 2900 clim
1113 2837 1239 2903 tamen
1257 2817 1437 2932 perleve·

193 2955 268 3036 rat,
293 2935 335 3014 8(
364 2927 445 3010 aliis
465 2847 781 3036 symptomatidus
795 2925 901 3036 (quae
923 2953 973 3008 ex
994 2925 1244 3038 Hippocratis
1258 2927 1436 3042 aphoris-

192 3049 264 3129 mis
277 3035 436 3123 Medicis
449 3033 531 3118 stant
542 3037 663 3147 nota)
683 3035 922 3146 supervenit,
939 3041 1074 3120 mortis
1087 3037 1187 3146 saepe
1207 3038 1262 3121 est
1279 3039 1436 3122 nuncius

195 3161 316 3256 &,ex
383 3171 441 3230 rte
454 3145 624 3337 puidem,
635 3147 761 3232 causa.
790 3143 997 3255 Cogitanti
1009 3165 1140 3244 autem
1152 3145 1245 3230 milii
1258 3145 1308 3231 de
1320 3143 1435 3256 fispa
1552 3179 1560 3196 ·

197 3265 258 3349 rio
277 3289 329 3344 ve
344 3277 388 3340 ut
408 3255 463 3347 do
477 3259 557 3340 oris
568 3253 840 3370 consequente,
856 3261 897 3340 iii
916 3255 1084 3340 animuin
1103 3255 1213 3340 venit
1225 3254 1437 3368 probabilis

198 3371 280 3480 (utl
294 3367 476 3476 videtui)
497 3367 717 3472 conjcdura
733 3365 783 3454 de
803 3363 913 3450 causi
930 3365 1231 3474 Lachrymarum
1243 3395 1327 3481 quae
1338 3367 1437 3452 inter

199 3485 343 3568 doloris
366 3472 666 3579 offellafiint,&
680 3477 849 3560 humano
867 3471 1104 3590 gencil'lere
1117 3481 1294 3592 propsiae.
1333 3479 1436 3588 Opi·⁴

200 3585 450 3694 nor,scilice't,
471 3585 511 3672 in
526 3587 668 3674 dolore
683 3585 872 3700 sanguinis
885 3609 1046 3688 motum,
1064 3589 1165 3671 circa
1190 3613 1374 3675 venarum
1394 3593 1437 3678 δε

197 3703 429 3789 arteriarum
449 3699 711 3784 extremitates
731 3697 930 3808 incapite,
959 3695 1109 3782 obstrui
1132 3697 1179 3782 ali
1208 3721 1439 3805 uateuus,ut

197 3837 277 3904 tam
302 3807 427 3894 libere
449 3809 649 3893 circuitum
672 3807 779 3894 suuni
803 3803 990 3920 peragere
1008 3835 1087 3891 non
1137 3838 1163 3893 o
1207 3831 1240 3922 t,
1260 3811 1352 3922 (nec
1372 3813 1439 3895 de·

199 3925 283 4009 lunt
299 3918 375 4030 alia
399 3917 532 4006 harum
550 3915 854 4004 obstrudlionum
870 3921 911 4002 in
924 3915 1001 4001 hoc
1023 3837 1160 4003 affedu
1181 3921 1344 4029 indicia)
1356 3945 1439 4028 quo

201 4031 288 4119 calu
300 4029 484 4142 glandula
505 4027 967 4140 lachrymales,(quarum
988 4031 1291 4142 explicationem
1304 4029 1441 4140 Steno-

202 4145 243 4231 'til
266 4137 470 4248 debemus)
489 4161 635 4253 partem
657 4135 842 4252 aquosam
842 4137 886 4334 ὗ
895 4139 1080 4252 sanguine
1098 4136 1289 4248 copiosius
1308 4131 1442 4328 ‘illm

1588 4412 1638 4424 ‘-
