3410 4574
658 177 780 282 retis
804 177 997 286 Ratione.
1185 231 1189 240 “
1348 168 1443 336 14ss9

197 349 290 462 spici
305 343 437 436 solent.
481 347 739 434 Observatum
764 371 896 434 autem
922 353 978 436 est
1003 350 1187 455 Certum,
1218 358 1327 463 cujus
1361 357 1442 441 san·

196 463 293 570 guis,
316 463 522 570 praesertim
537 488 706 570 comper
728 464 977 546 venationem
992 465 1169 573 incaluit,
1184 469 1277 548 &in
1292 491 1440 552 motum

195 567 422 652 celeriorem
444 574 660 654 concitatus
686 569 820 671 fuerit,
849 573 896 654 ad
916 571 1096 682 sanguinis
1121 575 1277 658 humani
1303 575 1438 666 statum

192 681 473 780 accedit,ci1m
511 682 739 764 irruentium
767 709 903 764 canum
937 684 1120 791 impetum
1156 685 1348 796 repellere
1373 713 1440 767 ne-

192 795 304 899 quit,
335 791 575 900 mortquue
597 789 714 875 videt·
732 791 1124 906 appropinquantem,
1152 791 1193 876 io
1225 793 1438 904 lachrymas
1546 803 1549 809 '

190 927 485 1009 prorumpere„
1304 909 1307 920 ’

245 1010 390 1094 Verbm
412 1031 456 1094 ut
477 1007 752 1120 speculationes
764 1009 830 1096 has
850 1009 1088 1122 abrumpam,
1109 1007 1187 1098 ltoc
1205 1011 1346 1098 ultimd
1363 1043 1434 1098 oo·

189 1119 347 1204 tandum
359 1119 428 1219 est,
451 1119 687 1203 manifestum
703 1119 779 1204 effe
791 1122 993 1230 multiplici
1012 1121 1248 1231 experientis
1263 1127 1433 1220 omnium

188 1225 375 1336 passiones
397 1229 589 1328 humanas,
617 1228 684 1311 nifi
708 1233 872 1314 rationis
884 1231 1002 1315 sraeno
1023 1253 1290 1334 coerceantur,
1318 1238 1431 1318 innu·
1460 1231 1462 1234 ’

187 1343 307 1420 meris
328 1337 488 1438 morbis,
505 1337 709 1446 praesertim
723 1339 1061 1452 hypocondriacis,
1085 1339 1232 1449 quibus
1255 1342 1430 1428 homines

185 1453 263 1556 'prae
274 1448 417 1536 caetenis
437 1447 664 1532 animalibus
680 1449 841 1535 obnoxii
852 1450 950 1550 sunt,
961 1455 1153 1558 originem
1170 1451 1430 1562 somitquue

186 1555 293 1660 dare,
307 1557 630 1642 easdemautemt
646 1562 799 1644 ratione
815 1561 1042 1670 gubernatas
1057 1584 1219 1668 vegetos
1238 1561 1427 1663 homines,
1557 1649 1559 1656 J

186 1669 319 1778 agiles,
341 1695 386 1750 ac
412 1668 585 1778 vividos,
611 1671 652 1756 ὃ(
678 1669 726 1752 ad
767 1673 898 1756 omnia
922 1670 1054 1754 munia
1077 1667 1266 1769 idoneum.
1280 1669 1421 1762 lacere.

184 1775 360 1890 Ideoque
379 1806 516 1864 eorum
541 1778 795 1884 regendorum
822 1779 986 1864 studium
1007 1780 1055 1866 ad
1080 1783 1169 1862 vitae
1188 1778 1422 1864 nostraesua·

182 1887 345 1970 uitatem
365 1886 443 1972 else
473 1883 616 1970 summe
642 1885 908 1987 necessarium,
935 1887 1013 1974 five
1052 1887 1192 1973 horum
1215 1884 1424 1974 affectuum

181 1997 297 2080 causae
323 1995 441 2083 nobis
464 1993 607 2080 suerint
627 2021 730 2076 nunc
750 1998 903 2080 tandem
917 1997 1098 2096 inventae,
1132 1993 1208 2076 sive
1222 1997 1375 2078 adhuci
1406 2042 1425 2061 ·
1481 2063 1502 2078 .

179 2128 281 2190 notae
296 2128 486 2205 maneant,
509 2124 575 2186 aut
590 2100 745 2188 ulteriits
757 2105 980 2214 quaerendae.
1020 2103 1085 2186 Ab
1105 2103 1182 2188 hoc
1196 2023 1425 2214 effesani-¹·

178 2214 350 2300 tiscertb
364 2237 477 2317 noto,
504 2219 685 2320 provenit
702 2211 898 2300 necessitas
922 2213 1121 2324 quarendi
1143 2215 1296 2322 regulas
1306 2213 1423 2326 quas

177 2323 450 2422 damnationis,
479 2320 622 2434 quibus
640 2321 709 2408 illae
722 2328 823 2408 intra
844 2323 940 2410 fines
961 2349 1089 2410 certos
1112 2326 1419 2425 contineantura

177 2435 249 2518 illae
264 2432 365 2517 verb
376 2461 455 2518 non
474 2433 556 2514 aliae
570 2433 654 2517 sunt
670 2434 787 2544 quam
798 2459 883 2543 quae
895 2431 1119 2545 ptaecipiunt
1139 2455 1184 2516 ut
1209 2459 1420 2534 exerceas-t

176 2565 241 2626 tur
255 2539 494 2628 solummodb
515 2543 557 2624 in
579 2542 901 2628 mediisadfinem
917 2545 1125 2626 maximum
1136 2539 1417 2654 optimtlmque,

176 2679 382 2738 commune
401 2654 549 2738 scilicet
562 2651 725 2758 bonum,
747 2653 1062 2738 conducentibus.
1413 2711 1417 2724 ·

226 2764 355 2848 Media
375 2785 502 2848 autem
526 2762 575 2846 ad
597 2762 697 2846 hunc
711 2760 824 2848 finem
847 2769 890 2850 in
913 2763 1110 2850 hominum
1131 2759 1324 2874 potestate
1339 2791 1416 2874 po*

173 2869 256 2975 fita,
282 2871 368 2956 sunt
390 2875 462 2956 illae
481 2869 629 2957 tantiam
654 2871 823 2958 actiones
842 2873 969 2958 libetae
996 2873 1145 2985 quibus.
1161 2896 1242 2958 aut.
1257 2867 1320 2982 fit,
1341 2895 1415 2956 aut

174 2982 420 3068 conservatur
453 2979 591 3066 divisio
610 2989 811 3069 rerum&
834 3011 1039 3093 operarum
1076 2983 1411 3089 multarumtejuss

172 3093 275 3178 modi
295 3118 386 3202 quae·
403 3091 453 3176 ad
467 3095 637 3178 omnium
657 3090 895 3183 soelicitatem
910 3094 1113 3206 plurimitm
1126 3089 1231 3176 facit.
1274 3092 1336 3172 tte
1390 3131 1410 3166 «t

169 3205 214 3286 1ae
235 3225 362 3288 autem
400 3203 474 3286 itta
500 3197 582 3284 sttnt
601 3199 781 3312 ipfiliimae
809 3201 932 3310 Leges
967 3201 1161 3285 naturales
1195 3198 1253 3284 uti
1277 3227 1333 3310 po⁴
1364 3227 1438 3286 en·
1481 3235 1483 3240 '

171 3309 429 3414 ostendemus,
452 3313 495 3394 dt
521 3309 683 3396 adiooet
704 3309 996 3411 eiusmodi-sunt
1017 3313 1121 3396 astus
1142 3307 1294 3419 iustitie
1321 3311 1408 3394 uni·
1435 3357 1437 3364 ·

171 3421 340 3522 versalia,
360 3418 423 3505 seu
443 3417 654 3531 omnigena
679 3421 827 3505 virtutis
850 3419 1039 3528 ejusmodi
1060 3420 1230 3529 Legibus
1249 3417 1407 3530 consede

25 3616 30 3627 ,
93 3573 100 3584 ·
169 3561 266 3617 mes.
319 3535 577 3644 Qapropter-
604 3557 654 3612 ex
676 3529 734 3612 bia
758 3530 988 3618 concludere
1005 3531 1117 3631 licen·
1142 3559 1189 3617 ea
1212 3531 1350 3616 omnia,
1364 3531 1408 3618 itt

166 3644 336 3728 humano
352 3669 523 3754 corpore
540 3668 626 3752 quae
646 3635 829 3750 efficiunt,
854 3663 898 3726 ut
922 3663 987 3724 aut
1003 3639 1151 3724 facilius
1172 3637 1286 3748 polstt
1308 3633 1405 3724 alse-¹
1433 3654 1436 3662 ’

167 3755 249 3840 stus
275 3777 427 3860 regere,
450 3771 517 3834 aut
535 3771 583 3834 ut
608 3750 685 3836 hoc
705 3751 832 3836 secere
853 3747 924 3861 ipst
947 3747 1071 3858 magis
1090 3743 1403 3834 litnecelsarium

167 3861 286 3972 quim
310 3859 445 3960 brutis,
461 3858 663 3972 plurimbm
676 3862 894 3944 conducere
917 3881 1052 3944 tumut
1065 3859 1189 3967 Leges
1211 3863 1404 3942 naturales

167 3969 388 4085 cognoscat,
403 3994 483 4054 tum
507 3993 555 4053 ut
574 3969 848 4082 aliquantisper
870 3967 1109 4084 propendeat
1131 3971 1180 4058 ad
1199 3967 1404 4053 easaciem

160 4081 215 4170 da
234 4081 373 4196 quaeia
392 4080 466 4172 illis
484 4083 733 4194 imperantur.

773 4189 866 4298 113
1164 4173 1410 4284 §cXXllllla
