3410 4574
612 143 747 245 'tusis
796 146 993 256 Ratione.
1354 197 1439 298 ¹43

193 391 197 400 .
247 315 398 403 Nimius
412 315 526 403 essem
546 316 573 401 sr
594 317 676 402 haec
702 317 842 428 fingula
857 317 1036 430 persequi
1054 313 1239 430 conarer,
1263 321 1442 414 immis&

191 432 337 512 temer&
350 428 620 514 faceremfide
637 429 871 536 smgulorum
888 431 1029 514 horum
1048 459 1255 516 nervorum
1267 436 1336 518 usu
1350 433 1441 546 (qui

182 537 284 622 mihi
298 540 468 626 nondum
480 539 635 622 videtur
645 538 729 622 satis
740 541 990 650 exploratus)
1002 538 1308 648 pronunciarem.
1336 544 1442 628 Suffi-

184 647 244 726 cit
259 647 312 728 ud
326 649 496 735 nostrum
512 648 726 732 institutum
741 677 860 758 pauca
879 649 1025 735 tantirm
1039 650 1091 734 de
1114 651 1283 758 generali
1300 681 1436 736 eorum

189 755 256 838 usu
280 762 427 860 dicere,
445 759 495 840 de
517 789 598 868 quo
613 758 979 846 interAnatonticos
1010 757 1174 868 constat,
1200 789 1266 848 eos
1291 763 1435 846 scilicet

183 861 211 969 (
219 867 264 975 1)
280 867 453 952 motibus
472 869 743 976 imprimendis,
767 879 834 954 aut
856 868 1020 956 fistendis
1051 871 1245 972 inservire,
1275 869 1349 980 (α)
1366 873 1436 955 do·

186 974 283 1060 loris
311 1001 379 1062 aut
413 979 627 1088 voluptaris
658 977 802 1063 sensum
828 981 994 1065 cerebro
1026 979 1179 1064 deferre
1204 983 1227 1068 ὲ
1263 983 1435 1089 partibus

180 1088 296 1192 queis
307 1087 537 1195 inseruntur,
564 1087 635 1196 (3)
657 1089 746 1174 &in
760 1088 984 1174 consensum
1003 1091 1157 1174 trahere
1169 1091 1266 1175 aiios
1289 1119 1432 1176 nervos

184 1196 331 1310 quibus
353 1199 601 1310 implicantur.
638 1200 713 1314 siis
744 1197 939 1312 suppositis
973 1199 1123 1286 assumo
1143 1198 1217 1307 (id
1240 1201 1349 1312 quod
1375 1202 1433 1284 in·

184 1311 355 1395 numeris
370 1311 641 1417 experimentis
665 1311 836 1418 constat)
855 1312 939 1395 Cor
963 1308 1132 1394 nostrum
1155 1337 1201 1392 ac
1220 1310 1429 1422 diaphrag-

184 1445 262 1520 nrn,
281 1423 322 1502 ὃ(
349 1417 473 1504 omnia
488 1417 609 1501 infimi
622 1422 767 1502 ventris
780 1419 936 1520 viscera,
958 1419 1194 1506 stomachum
1247 1443 1329 1518 uta,
1361 1421 1430 1506 he·

183 1557 274 1637 par,
292 1527 545 1627 lienem,vasa
563 1531 680 1612 etiam
699 1526 1019 1640 spermatica,8tc.
1050 1533 1158 1614 varis
1179 1557 1199 1610 a
1239 1529 1275 1610 ci
1289 1529 1326 1612 in
1343 1557 1427 1614 om·
1450 1597 1452 1602 .

185 1635 299 1720 nibus
324 1638 680 1722 vehementioribus
704 1635 938 1750 passionibus
955 1645 1056 1724 circa
1079 1638 1225 1724 bonum
1250 1663 1318 1726 aut
1344 1667 1425 1724 ma-

183 1748 275 1848 lum,
290 1749 460 1832 nostrum
472 1749 536 1831 vel
551 1747 735 1848 alienum,
752 1752 958 1860 praesertim
971 1749 1057 1832 crim
1075 1779 1134 1834 res
1147 1747 1273 1832 nostra
1292 1750 1421 1839 alienis

182 1884 232 1940 ex
244 1879 377 1942 natura
390 1881 520 1940 rerum
530 1857 719 1964 implicari
738 1857 980 1954 observatur,
992 1859 1099 1964 quod
1116 1881 1280 1968 propter
1294 1881 1423 1942 notam

182 1968 414 2052 conditionis
439 1965 608 2048 omniunt
628 1963 828 2048 hominum
855 1965 1137 2048 similitudinem
1151 1965 1298 2072 semper
1311 1966 1425 2048 facile

181 2075 237 2162 esi
255 2075 479 2162 observatu.
525 2070 688 2155 Constat
705 2097 831 2156 autem
853 2093 980 2156 motus
999 2070 1117 2156 ‘hosce
1150 2099 1360 2156 nervorum
1383 2080 1429 2158 in

179 2186 262 2269 haec
287 2181 429 2268 viscera
457 2183 769 2292 implantatorum
795 2180 1008 2267 ministerio
1034 2178 1134 2280 fieri,
1163 2209 1241 2264 non
1264 2185 1423 2276 excluso

180 2295 287 2379 forts
302 2291 486 2402 finguinis
497 2319 564 2402 per
577 2297 740 2378 arterias
751 2291 869 2376 delati
883 2293 1078 2378 concursu.
1108 2290 1240 2376 Exhis
1261 2295 1423 2402 colligo,

181 2407 265 2488 Cor
277 2403 441 2488 hominis
452 2407 491 2486 in
504 2401 690 2507 ejusmodi
708 2393 1039 2510 paffionibusideo
1052 2399 1297 2512 magisqu'anr
1309 2427 1421 2484 caete-

179 2541 313 2598 rorum
324 2515 540 2596 animalium
553 2512 763 2625 affici,quia
777 2539 846 2620 per
862 2515 1074 2622 peculiares
1096 2537 1195 2618 quos
1207 2509 1289 2592 dixi
1303 2537 1429 2598 nexus-

179 2650 390 2708 nervorum
417 2626 459 2706 &
480 2623 684 2749 pericardii
699 2649 785 2722 curu
806 2623 963 2732 reliquis
988 2619 1421 2708 visceribuscommnni·

177 2757 240 2828 cat
254 2732 510 2820 seuconsentrt
521 2761 536 2831 3
549 2736 589 2816 ὃ(
603 2736 697 2844 quia
715 2756 791 2817 tam
805 2731 887 2814 Cor
899 2732 997 2839 ejus,
1007 2731 1121 2841 quim
1136 2729 1284 2841 reliqua
1296 2728 1418 2830 visce-

176 2871 219 2928 ra
239 2844 278 2926 in
300 2841 498 2930 affectibus
511 2842 721 2952 omnigenis
738 2842 758 2925 ὲ
783 2842 956 2939 fortioris
976 2839 1142 2925 Cerebri
1166 2840 1325 2943 viribus,
1338 2845 1417 2951 spi·

176 2953 366 3064 rituumq5
380 2951 1058 3062 agiliorumimpetucommoventnr.
1084 2953 1416 3052 Qtoniamautenr

176 3091 245 3148 cor
258 3069 300 3148 8<
316 3065 466 3172 sanguis
488 3060 574 3145 inde
600 3061 801 3172 propulsus
820 3058 875 3142 est
887 3062 990 3161 vitae,
1013 3088 1057 3144 ac
1069 3059 1314 3162 valetudinis,
1332 3087 1416 3146 om·

177 3173 278 3286 oisqr
301 3175 402 3257 adeo
418 3173 627 3279 voluptatis
639 3172 718 3308 <pus
737 3169 901 3254 fruimur
922 3172 1131 3278 scaturigo,
1143 3165 1290 3253 necesse
1302 3171 1356 3250 est
1371 3191 1422 3254 ut

121 3360 126 3366 ,
177 3281 331 3368 assessus
344 3285 414 3394 qui
428 3281 944 3386 vehementiusejusmotum
961 3281 1101 3384 juvant
1122 3280 1188 3362 vel
1203 3278 1417 3390 impediunt

177 3400 220 3490 in
233 3393 447 3476 hominibus
468 3393 584 3504 quint
605 3392 738 3490 brutis,
758 3388 966 3474 sentiantur
987 3388 1141 3496 majoris
1153 3387 1280 3476 ess'ein
1303 3390 1416 3475 nobis

177 3505 374 3602 momenti,
400 3504 519 3614 quim
533 3503 573 3582 in
593 3500 663 3582 illis
675 3500 801 3586 sentiri
823 3497 994 3613 possunt,
1009 3527 1171 3612 quorum
1198 3499 1330 3585 Corda
1355 3521 1416 3584 tot

175 3610 301 3695 modis
323 3641 410 3696 cum
424 3606 708 3696 visceribussuis
728 3637 804 3694 non
824 3607 1093 3696 consentiunt:
1120 3638 1165 3691 ac
1187 3611 1334 3719 insuper
1345 3637 1429 3694 co··
1479 3701 1483 3704 ,
1515 3663 1518 3670 ·

176 3747 261 3805 rum
286 3723 453 3806 Cerebra
468 3717 551 3806 sunt
570 3719 769 3830 segniores
797 3716 1039 3828 spiritusque,
1055 3715 1130 3802 five
1150 3722 1191 3802 in
1215 3717 1413 3827 sanguine,

176 3829 253 3914 five
269 3830 446 3916 innervis
465 3828 766 3930 considerentur,
783 3827 906 3913 minim
922 3831 1040 3936 agiles
1051 3824 1133 3910 sunt
1159 3827 1325 3940 mintisqr
1345 3860 1414 3914 co·

176 3939 284 4049 piosr.
322 3937 661 4044 Quotisutemfit
681 3942 729 4024 ad
751 3964 834 4022 rem
849 3935 1014 4022 nostram
1033 3942 1232 4038 mome’nti,
1257 3969 1306 4022 err
1331 3939 1412 4041 ipsa

175 4049 480 4158 corporisnostri
492 4051 636 4138 subrica
649 4077 719 4138 nos
740 4047 957 4241 conflantes
969 4050 1117 4144 moneri
1129 4043 1431 4233 ‘impingite'

667 4171 671 4182 '
796 4169 800 4176 ¹
1195 4193 1199 4200 ·
1242 4170 1280 4228 “a
1312 4179 1332 4231 C
1370 4174 1414 4228 US
