3392 4572
113 339 116 350 ,
283 209 376 338 348
661 194 724 296 De
751 189 913 330 origine
943 185 1126 286 Domirii
1151 194 1204 296 ln

281 399 550 488 contentiones
575 385 785 473 multorum
811 384 877 470 ubi
894 381 1015 467 minus
1039 381 1279 468 manifestum
1309 382 1405 468 elle't
1427 381 1526 496 quid

283 514 424 622 cuique
446 497 695 588 necelsarium
718 494 827 598 effer,
853 518 972 605 atque
993 493 1210 603 aliquorum
1237 495 1531 603 ignavia,com·

282 647 416 708 munes
438 641 551 724 agros
588 610 719 695 colere
741 605 1030 717 negligentium,
1054 605 1097 686 &
1124 601 1340 688 hislimilis.
1396 607 1443 690 In
1461 607 1531 690 bu·

285 725 451 843 {ulmodi
475 721 619 805 colibus
640 721 744 828 leges
767 716 905 800 define
927 713 1039 798 &de
1061 713 1197 799 mediis
1222 715 1445 800 necelsariis
1467 743 1531 826 ap·

287 843 439 956 plicatae
455 834 550 920 datis
572 826 864 916 circumstantiis
889 824 1106 933 obligarent
1127 825 1176 906 ad
1201 825 1428 910 divifionem
1452 829 1532 936 ple·

286 953 437 1038 niorem
451 944 709 1028 dominiorum
730 936 960 1036 faciendam,
986 933 1358 1046 eademqueillos‘&
1374 956 1537 1024 ceteros

290 1061 427 1175 postea
451 1077 561 1138 natos
573 1051 744 1137 homines
757 1047 977 1156 obligarent
1004 1041 1052 1126 ad
1079 1043 1411 1132 hancdiuilionem
1438 1046 1537 1130 sum·

229 1253 238 1266 ,
290 1199 358 1256 mo
379 1168 448 1252 fini
472 1162 680 1250 commode
706 1153 975 1244 inservientem
1004 1155 1318 1238 conservandam.
1377 1158 1535 1240 Hiera·

291 1285 399 1366 tione
414 1278 478 1371 sua
493 1272 680 1386 gradatim
706 1269 796 1376 jura
818 1265 1097 1350 constituentur
1132 1263 1281 1372 fingulis
1305 1265 1538 1373 hominibus,

291 1388 461 1497 familiis,
473 1379 640 1495 oppidis,
654 1372 896 1490 populisque,
910 1377 1032 1567 capue
1045 1402 1123 1461 non
1133 1375 1254 1459 foliam
1265 1375 1303 1456 in
1318 1377 1450 1459 ressed
1464 1382 1540 1464 eti·

137 1561 141 1568 .
293 1505 411 1585 amin
437 1521 574 1604 operas
600 1489 877 1602 personarum3
906 1511 957 1567 un
986 1511 1008 1565 e
1030 1483 1228 1580 nascentur
1248 1490 1474 1577 commercii
1497 1491 1540 1574 8<

296 1603 470 1693 amicitia
486 1604 589 1710 jura,
613 1625 778 1682 necnon
787 1595 873 1702 jura
896 1595 1090 1702 regiminis
1102 1595 1141 1676 in
1163 1591 1325 1698 familiis,
1346 1599 1541 1683 &civite-

291 1719 411 1820 tibus,
426 1711 548 1823 idque
560 1711 600 1791 in
611 1707 723 1792 rebus
731 1729 808 1790 tam
820 1705 944 1787 Sacris
962 1705 1082 1812 quim
1095 1702 1296 1790 Civilibus.

350 1837 391 1936 §.2
420 1825 483 1908 lX.
515 1822 581 1902 De
603 1815 775 1902 facienda
788 1835 917 1898 autem
933 1813 1118 1898 divisione
1128 1841 1212 1902 nou
1227 1814 1395 1899 dicemus
1404 1815 1542 1919 multa,

324 1931 481 2024 uoniam
496 1957 581 2014 enm
604 1931 680 2038 jam
694 1925 829 2013 saetam
845 1951 981 2009 omnes
1002 1923 1230 2025 invenimus,
1255 1949 1373 2036 atque
1385 1929 1440 2008 ita
1453 1930 1546 2037 qui·

296 1965 539 2130 densatam
564 2063 609 2125 ut
628 2031 966 2123 sntismanilestum
990 2030 1035 2117 fit
1060 2033 1205 2120 eamad
1225 2033 1341 2120 finem
1355 2037 1546 2121 summum

297 2153 480 2254 sufficere,
500 2176 581 2236 tum
603 2147 652 2232 ad
681 2149 871 2231 honorem
894 2144 990 2230 Deo
1025 2141 1295 2246 deserendum,
1319 2168 1404 2230 rum
1427 2148 1546 2232 etiarn

300 2265 350 2347 ad
377 2255 759 2347 hominesuniversos
780 2256 967 2357 beandos,
982 2252 1349 2364 nifiipsrsrbidesrnt.
1408 2260 1545 2342 Paucir

299 2377 436 2486 iraque
458 2367 608 2455 tantiam
628 2366 749 2452 dicam
771 2364 883 2480 qubd
908 2361 1027 2446 ficubi
1050 2363 1187 2450 divifio
1208 2364 1371 2450 ulterius
1391 2365 1547 2454 fannus

137 2493 141 2503 '
300 2482 526 2586 necessaria,
549 2487 590 2566 8<
615 2485 765 2565 oriatur
782 2471 963 2560 dillensro
985 2475 1087 2558 inter
1104 2503 1173 2559 eos
1195 2502 1361 2590 quorum
1392 2473 1547 2562 neceffi·

302 2617 359 2677 tas
384 2593 609 2702 postulatur
632 2618 677 2672 ea
698 2579 1065 2690 fieret,manifestum
1090 2585 1147 2670 est
1159 2586 1207 2670 ad
1216 2611 1466 2672 communem
1480 2616 1547 2674 eo·

301 2730 387 2788 rum
401 2703 638 2786 foelicitatem
669 2696 787 2808 magis
812 2695 1039 2799 conducere,
1056 2718 1156 2779 uteo
1172 2698 1469 2783 commiteretur
1482 2723 1547 2780 cu·

301 2805 420 2918 'julvis
433 2811 631 2918 prudentis
654 2807 817 2891 arbitrio
838 2807 948 2912 cujus
970 2833 1048 2891 non
1062 2805 1218 2892 interest
1229 2807 1298 2890 uni
1320 2809 1428 2916 parti
1444 2809 1547 2919 poti·

303 2919 347 3006 ns
366 2923 482 3030 quam
508 2917 620 3002 alteri
634 2916 780 3016 fauere,
805 2917 921 3027 quim
943 2913 1083 3000 bellicis
1107 2917 1254 3002 viribus
1294 2915 1545 3002 fraudibrisve

304 3029 489 3142 experiri,
504 3027 599 3141 quid
624 3027 790 3112 eveniet,
830 3026 1073 3111 Probabilius
1094 3029 1196 3110 enim
1220 2979 1277 3110 eli
1301 3026 1547 3139 quodcujul·

304 3141 580 3226 visratioeum
605 3135 765 3225 modum
784 3135 1002 3248 praescribet
1015 3139 1183 3248 quicum
1207 3135 1289 3224 noti
1314 3136 1414 3238 finis,
1433 3139 1553 3224 Corn·

305 3249 428 3334 munis
452 3277 591 3358 nempe
617 3248 733 3350 Boni,
764 3243 1000 3331 alsecutione
1026 3251 1227 3347 convenit,
1252 3251 1370 3357 quim
1392 3247 1504 3357 quod
1528 3247 1554 3334 ὲ

305 3387 413 3446 caeco
429 3359 523 3442 belli
546 3361 695 3467 impetu
719 3357 901 3440 alteruter
926 3363 966 3440 in
989 3385 1080 3440 eum
1109 3359 1267 3468 scopum
1296 3357 1481 3444 incideret
1510 3362 1554 3442 irs

307 3497 426 3582 quem
450 3491 585 3551 neuter
597 3467 781 3550 collimat.
837 3465 1098 3576 supponimus
1122 3473 1222 3553 enirn
1237 3495 1323 3552 curn
1336 3465 1554 3556 Hobbioin

307 3575 498 3687 ejusmodi
523 3575 627 3660 bello
657 3597 864 3684 utrumque
888 3577 994 3663 suam
1015 3577 1134 3664 solbm
1167 3579 1322 3667 salutem
1343 3579 1365 3662 ὲ
1390 3575 1556 3666 victoria

309 3717 497 3800 quaerere.
549 3683 711 3788 desr
731 3681 833 3768 casus
843 3686 984 3797 aliquis
1002 3691 1204 3802 contingat
1223 3691 1358 3801 inquo·
1381 3688 1554 3773 diffenti·

311 3818 418 3882 entes
441 3799 492 3878 de
517 3799 630 3881 nullo
650 3795 748 3878 inter
771 3819 832 3880 tot
851 3795 1024 3881 homines
1049 3798 1210 3884 arbitrio
1223 3805 1325 3884 inter
1345 3797 1386 3880 se
1405 3825 1554 3884 conve*

311 3908 393 3992 nire
416 3901 720 4014 poffiut‚dlliabi
805 3907 866 3992 tio
883 3907 975 3991 sorti
991 3907 1123 4018 potibs
1135 3911 1253 4022 qnam
1266 3909 1378 3994 bello
1394 3908 1553 3996 divilio·
1680 3955 1681 3966 κ

300 4017 494 4120 'nem,aut
507 4017 629 4098 totius
642 4017 699 4099 rei
800 4019 931 4117 iulum,
955 4015 1121 4104 lidividi
1136 4049 1216 4106 non
1244 4017 1374 4133 pollis,
1394 4020 1555 4104 traden-

311 4123 400 4207 dam
429 4121 523 4236 effe,
549 4127 746 4229 Quoniam
760 4127 799 4211 in
823 4125 929 4213 bello
950 4147 1221 4245 utraquepars
1250 4131 1380 4240 perire
1393 4131 1550 4324 potest,
1680 4127 1681 4136 '

1369 4267 1391 4322 a
1421 4239 1557 4352 eoque
