<?xml version="1.0" encoding="UTF-8"?>
<!DOCTYPE html PUBLIC "-//W3C//DTD XHTML 1.0 Transitional//EN"
    "http://www.w3.org/TR/xhtml1/DTD/xhtml1-transitional.dtd">
<html xmlns="http://www.w3.org/1999/xhtml" xml:lang="en" lang="en">
 <head>
  <title>
</title>
<meta http-equiv="Content-Type" content="text/html;charset=utf-8" />
  <meta name='ocr-system' content='tesseract 3.04.00' />
  <meta name='ocr-capabilities' content='ocr_page ocr_carea ocr_par ocr_line ocrx_word'/>
</head>
<body>
  <div class='ocr_page' id='page_1' title='image "./delegibusnatura00cumbgoog_0320.png"; bbox 0 0 3400 4566; ppageno 0'>
   <div class='ocr_carea' id='block_1_1' title="bbox 317 81 1416 273">
    <p class='ocr_par' dir='ltr' id='par_1_1' title="bbox 317 81 1416 273">
     <span class='ocr_line' id='line_1_1' title="bbox 317 81 1416 273; baseline -0.008 -38"><span class='ocrx_word' id='word_1_1' title='bbox 317 131 413 273; x_wconf 71' lang='lat'>²48</span> <span class='ocrx_word' id='word_1_2' title='bbox 540 129 617 232; x_wconf 68' lang='lat' dir='ltr'>ne</span> <span class='ocrx_word' id='word_1_3' title='bbox 633 129 742 268; x_wconf 82' lang='lat' dir='ltr'>Lege</span> <span class='ocrx_word' id='word_1_4' title='bbox 762 127 951 232; x_wconf 77' lang='lat' dir='ltr'>Notata</span> <span class='ocrx_word' id='word_1_5' title='bbox 967 81 1416 266; x_wconf 71' lang='lat' dir='ltr'>ejalsqueobligationa.</span> 
     </span>
    </p>
   </div>
   <div class='ocr_carea' id='block_1_2' title="bbox 256 306 1561 3708">
    <p class='ocr_par' dir='ltr' id='par_1_2' title="bbox 256 306 1561 3708">
     <span class='ocr_line' id='line_1_2' title="bbox 306 306 1549 425; baseline -0.002 -24"><span class='ocrx_word' id='word_1_6' title='bbox 306 314 526 418; x_wconf 85' lang='lat' dir='ltr'>necell&#39;atia,</span> <span class='ocrx_word' id='word_1_7' title='bbox 554 315 625 425; x_wconf 93' lang='lat' dir='ltr'>qui</span> <span class='ocrx_word' id='word_1_8' title='bbox 647 313 716 400; x_wconf 80' lang='lat' dir='ltr'>fibi</span> <span class='ocrx_word' id='word_1_9' title='bbox 740 313 834 396; x_wconf 84' lang='lat' dir='ltr'>velit</span> <span class='ocrx_word' id='word_1_10' title='bbox 849 341 938 396; x_wconf 88' lang='lat' dir='ltr'>cum</span> <span class='ocrx_word' id='word_1_11' title='bbox 958 317 1108 396; x_wconf 88' lang='lat' dir='ltr'>tatione</span> <span class='ocrx_word' id='word_1_12' title='bbox 1122 306 1332 396; x_wconf 86' lang='lat' dir='ltr'>consulere.</span> <span class='ocrx_word' id='word_1_13' title='bbox 1378 307 1549 398; x_wconf 77' lang='lat' dir='ltr'>Univer-</span> 
     </span>
     <span class='ocr_line' id='line_1_3' title="bbox 304 419 1547 534; baseline -0.006 -23"><span class='ocrx_word' id='word_1_14' title='bbox 304 431 397 512; x_wconf 86' lang='lat' dir='ltr'>sales</span> <span class='ocrx_word' id='word_1_15' title='bbox 411 449 536 510; x_wconf 88' lang='lat' dir='ltr'>autem</span> <span class='ocrx_word' id='word_1_16' title='bbox 550 453 612 507; x_wconf 85' lang='lat' dir='ltr'>eas</span> <span class='ocrx_word' id='word_1_17' title='bbox 625 425 717 508; x_wconf 91' lang='lat' dir='ltr'>dico</span> <span class='ocrx_word' id='word_1_18' title='bbox 741 422 869 507; x_wconf 82' lang='lat' dir='ltr'>causas</span> <span class='ocrx_word' id='word_1_19' title='bbox 887 451 972 534; x_wconf 86' lang='lat' dir='ltr'>quae</span> <span class='ocrx_word' id='word_1_20' title='bbox 985 421 1034 506; x_wconf 91' lang='lat' dir='ltr'>ad</span> <span class='ocrx_word' id='word_1_21' title='bbox 1051 422 1214 529; x_wconf 88' lang='lat' dir='ltr'>plurima</span> <span class='ocrx_word' id='word_1_22' title='bbox 1231 422 1321 522; x_wconf 83' lang='lat' dir='ltr'>alla,</span> <span class='ocrx_word' id='word_1_23' title='bbox 1343 419 1547 534; x_wconf 75' lang='lat' dir='ltr'>aliortimqr</span> 
     </span>
     <span class='ocr_line' id='line_1_4' title="bbox 304 529 1550 646; baseline -0.002 -27"><span class='ocrx_word' id='word_1_24' title='bbox 304 563 489 646; x_wconf 83' lang='lat' dir='ltr'>generum</span> <span class='ocrx_word' id='word_1_25' title='bbox 510 533 644 619; x_wconf 70' lang='lat' dir='ltr'>offella</span> <span class='ocrx_word' id='word_1_26' title='bbox 656 556 907 641; x_wconf 78' lang='lat' dir='ltr'>concurrunt,</span> <span class='ocrx_word' id='word_1_27' title='bbox 929 529 1170 642; x_wconf 77' lang='lat' dir='ltr'>praterillud</span> <span class='ocrx_word' id='word_1_28' title='bbox 1190 530 1335 641; x_wconf 89' lang='lat' dir='ltr'>dequo</span> <span class='ocrx_word' id='word_1_29' title='bbox 1349 555 1452 616; x_wconf 85' lang='lat' dir='ltr'>nunc</span> <span class='ocrx_word' id='word_1_30' title='bbox 1466 537 1550 642; x_wconf 85' lang='lat' dir='ltr'>agi·</span> 
     </span>
     <span class='ocr_line' id='line_1_5' title="bbox 294 638 1546 756; baseline -0.002 -26"><span class='ocrx_word' id='word_1_31' title='bbox 294 673 392 730; x_wconf 82' lang='lat' dir='ltr'>tut:</span> <span class='ocrx_word' id='word_1_32' title='bbox 424 648 510 728; x_wconf 88' lang='lat' dir='ltr'>Nec</span> <span class='ocrx_word' id='word_1_33' title='bbox 532 643 700 756; x_wconf 85' lang='lat' dir='ltr'>npusest</span> <span class='ocrx_word' id='word_1_34' title='bbox 721 645 862 751; x_wconf 87' lang='lat' dir='ltr'>opinor</span> <span class='ocrx_word' id='word_1_35' title='bbox 876 665 922 725; x_wconf 95' lang='lat' dir='ltr'>ut</span> <span class='ocrx_word' id='word_1_36' title='bbox 942 638 1291 724; x_wconf 77' lang='lat' dir='ltr'>multieostendam</span> <span class='ocrx_word' id='word_1_37' title='bbox 1310 640 1404 738; x_wconf 83' lang='lat' dir='ltr'>Dei,</span> <span class='ocrx_word' id='word_1_38' title='bbox 1425 641 1546 728; x_wconf 87' lang='lat' dir='ltr'>homi·</span> 
     </span>
     <span class='ocr_line' id='line_1_6' title="bbox 293 749 1545 860; baseline -0.003 -20"><span class='ocrx_word' id='word_1_39' title='bbox 293 755 395 840; x_wconf 83' lang='lat' dir='ltr'>mim</span> <span class='ocrx_word' id='word_1_40' title='bbox 425 780 478 839; x_wconf 89' lang='lat' dir='ltr'>ue</span> <span class='ocrx_word' id='word_1_41' title='bbox 492 759 697 840; x_wconf 84' lang='lat' dir='ltr'>voluntate</span> <span class='ocrx_word' id='word_1_42' title='bbox 711 781 755 836; x_wconf 83' lang='lat' dir='ltr'>ta</span> <span class='ocrx_word' id='word_1_43' title='bbox 776 753 905 836; x_wconf 86' lang='lat' dir='ltr'>omnia</span> <span class='ocrx_word' id='word_1_44' title='bbox 915 749 1095 858; x_wconf 69' lang='lat' dir='ltr'>alisponi,</span> <span class='ocrx_word' id='word_1_45' title='bbox 1111 751 1258 860; x_wconf 87' lang='lat' dir='ltr'>quaead</span> <span class='ocrx_word' id='word_1_46' title='bbox 1273 750 1465 860; x_wconf 54' lang='lat' dir='ltr'>-cujuffiue</span> <span class='ocrx_word' id='word_1_47' title='bbox 1489 755 1545 836; x_wconf 84' lang='lat' dir='ltr'>vi·</span> 
     </span>
     <span class='ocr_line' id='line_1_7' title="bbox 303 785 1546 970; baseline -0.002 -22"><span class='ocrx_word' id='word_1_48' title='bbox 303 889 382 948; x_wconf 89' lang='lat' dir='ltr'>ram</span> <span class='ocrx_word' id='word_1_49' title='bbox 397 785 616 950; x_wconf 74' lang='lat' dir='ltr'>iteatiorem</span> <span class='ocrx_word' id='word_1_50' title='bbox 639 862 816 961; x_wconf 78' lang='lat' dir='ltr'>faciunt3</span> <span class='ocrx_word' id='word_1_51' title='bbox 838 859 1051 970; x_wconf 79' lang='lat' dir='ltr'>eorumque</span> <span class='ocrx_word' id='word_1_52' title='bbox 1070 887 1230 970; x_wconf 88' lang='lat' dir='ltr'>operam</span> <span class='ocrx_word' id='word_1_53' title='bbox 1243 883 1310 942; x_wconf 88' lang='lat' dir='ltr'>aut</span> <span class='ocrx_word' id='word_1_54' title='bbox 1336 859 1546 966; x_wconf 77' lang='lat' dir='ltr'>permiffio·</span> 
     </span>
     <span class='ocr_line' id='line_1_8' title="bbox 291 969 1546 1082; baseline -0.002 -23"><span class='ocrx_word' id='word_1_55' title='bbox 291 1005 391 1059; x_wconf 52' lang='lat' dir='ltr'>‘nem</span> <span class='ocrx_word' id='word_1_56' title='bbox 413 976 569 1058; x_wconf 76' lang='lat' dir='ltr'>liberam</span> <span class='ocrx_word' id='word_1_57' title='bbox 592 1003 673 1058; x_wconf 94' lang='lat' dir='ltr'>non</span> <span class='ocrx_word' id='word_1_58' title='bbox 689 971 813 1058; x_wconf 84' lang='lat' dir='ltr'>minirs</span> <span class='ocrx_word' id='word_1_59' title='bbox 833 971 913 1056; x_wconf 77' lang='lat' dir='ltr'>elle</span> <span class='ocrx_word' id='word_1_60' title='bbox 926 969 1169 1054; x_wconf 79' lang='lat' dir='ltr'>necess&#39;ariam</span> <span class='ocrx_word' id='word_1_61' title='bbox 1182 972 1230 1056; x_wconf 90' lang='lat' dir='ltr'>ad</span> <span class='ocrx_word' id='word_1_62' title='bbox 1250 969 1546 1082; x_wconf 76' lang='lat' dir='ltr'>cujusquefoeli·</span> 
     </span>
     <span class='ocr_line' id='line_1_9' title="bbox 302 1077 1545 1194; baseline -0.001 -29"><span class='ocrx_word' id='word_1_63' title='bbox 302 1087 457 1170; x_wconf 88' lang='lat' dir='ltr'>citatem</span> <span class='ocrx_word' id='word_1_64' title='bbox 482 1085 598 1193; x_wconf 71' lang='lat' dir='ltr'>quam</span> <span class='ocrx_word' id='word_1_65' title='bbox 622 1106 782 1168; x_wconf 80' lang='lat' dir='ltr'>exortus</span> <span class='ocrx_word' id='word_1_66' title='bbox 806 1083 896 1166; x_wconf 85' lang='lat' dir='ltr'>solis</span> <span class='ocrx_word' id='word_1_67' title='bbox 919 1082 968 1165; x_wconf 90' lang='lat' dir='ltr'>ad</span> <span class='ocrx_word' id='word_1_68' title='bbox 992 1077 1324 1194; x_wconf 74' lang='lat' dir='ltr'>fugandasnoffls</span> <span class='ocrx_word' id='word_1_69' title='bbox 1351 1081 1545 1167; x_wconf 84' lang='lat' dir='ltr'><strong>tenebras.</strong></span> 
     </span>
     <span class='ocr_line' id='line_1_10' title="bbox 289 1185 1561 1316; baseline 0.001 -40"><span class='ocrx_word' id='word_1_70' title='bbox 289 1193 468 1277; x_wconf 61' lang='lat' dir='ltr'>*Sufficiat</span> <span class='ocrx_word' id='word_1_71' title='bbox 481 1195 544 1280; x_wconf 81' lang='lat' dir='ltr'>hle</span> <span class='ocrx_word' id='word_1_72' title='bbox 557 1191 864 1302; x_wconf 76' lang='lat' dir='ltr'>monuiffeqund</span> <span class='ocrx_word' id='word_1_73' title='bbox 877 1185 1199 1300; x_wconf 82' lang='lat' dir='ltr'>quemadmodum</span> <span class='ocrx_word' id='word_1_74' title='bbox 1214 1193 1441 1278; x_wconf 82' lang='lat' dir='ltr'>inScientiis</span> <span class='ocrx_word' id='word_1_75' title='bbox 1453 1221 1561 1316; x_wconf 85' lang='lat' dir='ltr'>pto·--</span> 
     </span>
     <span class='ocr_line' id='line_1_11' title="bbox 300 1299 1544 1414; baseline 0 -28"><span class='ocrx_word' id='word_1_76' title='bbox 300 1301 508 1414; x_wconf 82' lang='lat' dir='ltr'>pofitiones</span> <span class='ocrx_word' id='word_1_77' title='bbox 528 1331 613 1414; x_wconf 79' lang='lat' dir='ltr'>que</span> <span class='ocrx_word' id='word_1_78' title='bbox 628 1299 1073 1412; x_wconf 81' lang='lat' dir='ltr'>generalillimarrerum</span> <span class='ocrx_word' id='word_1_79' title='bbox 1087 1301 1220 1386; x_wconf 81' lang='lat' dir='ltr'>eausas</span> <span class='ocrx_word' id='word_1_80' title='bbox 1243 1323 1309 1385; x_wconf 89' lang='lat' dir='ltr'>aut</span> <span class='ocrx_word' id='word_1_81' title='bbox 1324 1328 1544 1411; x_wconf 77' lang='lat' dir='ltr'>proprieta-</span> 
     </span>
     <span class='ocr_line' id='line_1_12' title="bbox 301 1407 1544 1522; baseline 0.002 -28"><span class='ocrx_word' id='word_1_82' title='bbox 301 1435 359 1494; x_wconf 87' lang='lat' dir='ltr'>tes</span> <span class='ocrx_word' id='word_1_83' title='bbox 382 1415 578 1521; x_wconf 82' lang='lat' dir='ltr'>explicant</span> <span class='ocrx_word' id='word_1_84' title='bbox 608 1411 664 1519; x_wconf 79' lang='lat' dir='ltr'>(e.</span> <span class='ocrx_word' id='word_1_85' title='bbox 675 1445 712 1522; x_wconf 86' lang='lat' dir='ltr'>g.</span> <span class='ocrx_word' id='word_1_86' title='bbox 736 1411 994 1520; x_wconf 75' lang='lat' dir='ltr'>legesmntrls,</span> <span class='ocrx_word' id='word_1_87' title='bbox 1010 1429 1076 1490; x_wconf 91' lang='lat' dir='ltr'>aut</span> <span class='ocrx_word' id='word_1_88' title='bbox 1101 1411 1385 1520; x_wconf 84' lang='lat' dir='ltr'>triangulorum</span> <span class='ocrx_word' id='word_1_89' title='bbox 1400 1407 1544 1496; x_wconf 70' lang='lat' dir='ltr'>afferti-</span> 
     </span>
     <span class='ocr_line' id='line_1_13' title="bbox 297 1514 1541 1629; baseline 0.002 -23"><span class='ocrx_word' id='word_1_90' title='bbox 297 1520 623 1629; x_wconf 84' lang='lat' dir='ltr'>onessumantur)</span> <span class='ocrx_word' id='word_1_91' title='bbox 647 1528 687 1606; x_wconf 88' lang='lat' dir='ltr'>in</span> <span class='ocrx_word' id='word_1_92' title='bbox 717 1521 860 1606; x_wconf 81' lang='lat' dir='ltr'>cafibus</span> <span class='ocrx_word' id='word_1_93' title='bbox 877 1514 1171 1627; x_wconf 83' lang='lat' dir='ltr'>particularibus</span> <span class='ocrx_word' id='word_1_94' title='bbox 1184 1523 1285 1606; x_wconf 73' lang='lat' dir='ltr'>nulla</span> <span class='ocrx_word' id='word_1_95' title='bbox 1300 1524 1541 1608; x_wconf 73' lang='lat' dir='ltr'>contradicti·</span> 
     </span>
     <span class='ocr_line' id='line_1_14' title="bbox 287 1625 1540 1740; baseline 0.001 -23"><span class='ocrx_word' id='word_1_96' title='bbox 287 1659 376 1717; x_wconf 85' lang='lat' dir='ltr'>one</span> <span class='ocrx_word' id='word_1_97' title='bbox 400 1629 687 1740; x_wconf 74' lang='lat' dir='ltr'>impugnantur,</span> <span class='ocrx_word' id='word_1_98' title='bbox 723 1632 820 1712; x_wconf 74' lang='lat' dir='ltr'>licet</span> <span class='ocrx_word' id='word_1_99' title='bbox 844 1629 900 1710; x_wconf 92' lang='lat' dir='ltr'>ibi</span> <span class='ocrx_word' id='word_1_100' title='bbox 928 1625 1153 1737; x_wconf 78' lang='lat' dir='ltr'>plurimum.</span> <span class='ocrx_word' id='word_1_101' title='bbox 1177 1636 1452 1739; x_wconf 77' lang='lat' dir='ltr'>variegantur:</span> <span class='ocrx_word' id='word_1_102' title='bbox 1481 1637 1540 1718; x_wconf 84' lang='lat' dir='ltr'>lta</span> 
     </span>
     <span class='ocr_line' id='line_1_15' title="bbox 297 1732 1540 1851; baseline 0.003 -29"><span class='ocrx_word' id='word_1_103' title='bbox 297 1742 337 1822; x_wconf 90' lang='lat' dir='ltr'>in</span> <span class='ocrx_word' id='word_1_104' title='bbox 365 1743 494 1849; x_wconf 78' lang='lat' dir='ltr'>praxi,</span> <span class='ocrx_word' id='word_1_105' title='bbox 515 1767 603 1822; x_wconf 86' lang='lat' dir='ltr'>cura</span> <span class='ocrx_word' id='word_1_106' title='bbox 629 1737 827 1822; x_wconf 87' lang='lat' dir='ltr'>causarum</span> <span class='ocrx_word' id='word_1_107' title='bbox 843 1732 1112 1821; x_wconf 86' lang='lat' dir='ltr'>universalium</span> <span class='ocrx_word' id='word_1_108' title='bbox 1132 1736 1423 1845; x_wconf 90' lang='lat' dir='ltr'>(rationalium</span> <span class='ocrx_word' id='word_1_109' title='bbox 1442 1765 1540 1851; x_wconf 89' lang='lat' dir='ltr'>puta</span> 
     </span>
     <span class='ocr_line' id='line_1_16' title="bbox 290 1847 1540 1962; baseline 0.005 -32"><span class='ocrx_word' id='word_1_110' title='bbox 290 1849 455 1956; x_wconf 65' lang='lat' dir='ltr'>¹junilinr</span> <span class='ocrx_word' id='word_1_111' title='bbox 472 1847 822 1956; x_wconf 79' lang='lat' dir='ltr'>confideratorum)</span> <span class='ocrx_word' id='word_1_112' title='bbox 844 1871 1038 1959; x_wconf 87' lang='lat' dir='ltr'>nunquam</span> <span class='ocrx_word' id='word_1_113' title='bbox 1053 1847 1203 1956; x_wconf 83' lang='lat' dir='ltr'>seponi,</span> <span class='ocrx_word' id='word_1_114' title='bbox 1228 1851 1367 1934; x_wconf 88' lang='lat' dir='ltr'>nedum</span> <span class='ocrx_word' id='word_1_115' title='bbox 1382 1879 1540 1962; x_wconf 82' lang='lat' dir='ltr'>oppug-</span> 
     </span>
     <span class='ocr_line' id='line_1_17' title="bbox 296 1955 1537 2070; baseline 0.002 -29"><span class='ocrx_word' id='word_1_116' title='bbox 296 1961 380 2043; x_wconf 90' lang='lat' dir='ltr'>nari</span> <span class='ocrx_word' id='word_1_117' title='bbox 401 1957 528 2067; x_wconf 85' lang='lat' dir='ltr'>potest</span> <span class='ocrx_word' id='word_1_118' title='bbox 541 1957 591 2040; x_wconf 90' lang='lat' dir='ltr'>ab</span> <span class='ocrx_word' id='word_1_119' title='bbox 612 1987 662 2043; x_wconf 92' lang='lat' dir='ltr'>eo</span> <span class='ocrx_word' id='word_1_120' title='bbox 686 1959 756 2070; x_wconf 89' lang='lat' dir='ltr'>qui</span> <span class='ocrx_word' id='word_1_121' title='bbox 774 1955 963 2056; x_wconf 67' lang='lat' dir='ltr'>effetium,</span> <span class='ocrx_word' id='word_1_122' title='bbox 986 1955 1090 2038; x_wconf 89' lang='lat' dir='ltr'>suam</span> <span class='ocrx_word' id='word_1_123' title='bbox 1113 1957 1261 2042; x_wconf 89' lang='lat' dir='ltr'>scilicet&#39;</span> <span class='ocrx_word' id='word_1_124' title='bbox 1283 1957 1537 2063; x_wconf 82' lang='lat' dir='ltr'>foelieitatem,</span> 
     </span>
     <span class='ocr_line' id='line_1_18' title="bbox 295 2064 1538 2177; baseline 0.002 -25"><span class='ocrx_word' id='word_1_125' title='bbox 295 2072 437 2177; x_wconf 68' lang='lat' dir='ltr'>reipsa,</span> <span class='ocrx_word' id='word_1_126' title='bbox 451 2072 492 2152; x_wconf 72' lang='grc'>8(</span> <span class='ocrx_word' id='word_1_127' title='bbox 506 2097 601 2152; x_wconf 88' lang='lat' dir='ltr'>vera</span> <span class='ocrx_word' id='word_1_128' title='bbox 612 2097 698 2152; x_wconf 89' lang='lat' dir='ltr'>cum</span> <span class='ocrx_word' id='word_1_129' title='bbox 714 2064 1150 2176; x_wconf 78' lang='lat' dir='ltr'>rationeprosequitur:</span> <span class='ocrx_word' id='word_1_130' title='bbox 1169 2069 1253 2153; x_wconf 79' lang='lat' dir='ltr'>-Sed</span> <span class='ocrx_word' id='word_1_131' title='bbox 1268 2071 1289 2154; x_wconf 65' lang='lat' dir='ltr'>*e</span> <span class='ocrx_word' id='word_1_132' title='bbox 1302 2071 1432 2156; x_wconf 69' lang='lat' dir='ltr'>contra</span> <span class='ocrx_word' id='word_1_133' title='bbox 1446 2100 1538 2158; x_wconf 88' lang='lat' dir='ltr'>cura</span> 
     </span>
     <span class='ocr_line' id='line_1_19' title="bbox 296 2174 1536 2288; baseline 0.007 -29"><span class='ocrx_word' id='word_1_134' title='bbox 296 2179 530 2260; x_wconf 90' lang='lat' dir='ltr'>conciliandi</span> <span class='ocrx_word' id='word_1_135' title='bbox 553 2175 618 2258; x_wconf 83' lang='lat' dir='ltr'>fibi</span> <span class='ocrx_word' id='word_1_136' title='bbox 633 2174 758 2262; x_wconf 80' lang='lat' dir='ltr'>causas</span> <span class='ocrx_word' id='word_1_137' title='bbox 772 2177 898 2284; x_wconf 67' lang='lat' dir='ltr'>primo</span> <span class='ocrx_word' id='word_1_138' title='bbox 919 2180 970 2282; x_wconf 31' lang='lat'>&amp;¹</span> <span class='ocrx_word' id='word_1_139' title='bbox 983 2177 1174 2288; x_wconf 65' lang='lat' dir='ltr'>ptaecipul</span> <span class='ocrx_word' id='word_1_140' title='bbox 1193 2177 1415 2264; x_wconf 77' lang='lat' dir='ltr'>necessarias</span> <span class='ocrx_word' id='word_1_141' title='bbox 1426 2182 1476 2266; x_wconf 88' lang='lat' dir='ltr'>ita</span> <span class='ocrx_word' id='word_1_142' title='bbox 1488 2183 1536 2268; x_wconf 89' lang='lat' dir='ltr'>ad</span> 
     </span>
     <span class='ocr_line' id='line_1_20' title="bbox 294 2284 1537 2400; baseline 0.006 -33"><span class='ocrx_word' id='word_1_143' title='bbox 294 2285 522 2371; x_wconf 85' lang='lat' dir='ltr'>inferiorum</span> <span class='ocrx_word' id='word_1_144' title='bbox 543 2288 714 2368; x_wconf 89' lang='lat' dir='ltr'>omnium</span> <span class='ocrx_word' id='word_1_145' title='bbox 739 2284 1020 2394; x_wconf 87' lang='lat' dir='ltr'>acquilitionem</span> <span class='ocrx_word' id='word_1_146' title='bbox 1044 2284 1143 2370; x_wconf 91' lang='lat' dir='ltr'>viam</span> <span class='ocrx_word' id='word_1_147' title='bbox 1157 2287 1297 2395; x_wconf 81' lang='lat' dir='ltr'>aperit,</span> <span class='ocrx_word' id='word_1_148' title='bbox 1314 2293 1356 2374; x_wconf 88' lang='lat'>&amp;</span> <span class='ocrx_word' id='word_1_149' title='bbox 1378 2289 1537 2400; x_wconf 84' lang='lat' dir='ltr'>acquifi·</span> 
     </span>
     <span class='ocr_line' id='line_1_21' title="bbox 293 2392 1536 2509; baseline 0.004 -31"><span class='ocrx_word' id='word_1_150' title='bbox 293 2417 422 2479; x_wconf 88' lang='lat' dir='ltr'>torum</span> <span class='ocrx_word' id='word_1_151' title='bbox 441 2393 554 2478; x_wconf 83' lang='lat' dir='ltr'>usum</span> <span class='ocrx_word' id='word_1_152' title='bbox 563 2392 692 2480; x_wconf 67' lang='lat' dir='ltr'>uenit</span> <span class='ocrx_word' id='word_1_153' title='bbox 716 2395 914 2505; x_wconf 85' lang='lat' dir='ltr'>tegitque,</span> <span class='ocrx_word' id='word_1_154' title='bbox 939 2395 1271 2506; x_wconf 73' lang='lat' dir='ltr'>quemadmodum</span> <span class='ocrx_word' id='word_1_155' title='bbox 1302 2399 1536 2509; x_wconf 84' lang='lat' dir='ltr'>generalissi·</span> 
     </span>
     <span class='ocr_line' id='line_1_22' title="bbox 292 2505 1533 2616; baseline 0.005 -28"><span class='ocrx_word' id='word_1_156' title='bbox 292 2533 440 2591; x_wconf 89' lang='lat' dir='ltr'>marum</span> <span class='ocrx_word' id='word_1_157' title='bbox 464 2509 674 2590; x_wconf 90' lang='lat' dir='ltr'>veritatum</span> <span class='ocrx_word' id='word_1_158' title='bbox 688 2507 864 2616; x_wconf 88' lang='lat' dir='ltr'>cognitio</span> <span class='ocrx_word' id='word_1_159' title='bbox 876 2505 923 2588; x_wconf 91' lang='lat' dir='ltr'>ad</span> <span class='ocrx_word' id='word_1_160' title='bbox 950 2505 1100 2614; x_wconf 78' lang='lat' dir='ltr'>aliquid</span> <span class='ocrx_word' id='word_1_161' title='bbox 1123 2507 1160 2589; x_wconf 91' lang='lat' dir='ltr'>in</span> <span class='ocrx_word' id='word_1_162' title='bbox 1176 2513 1285 2593; x_wconf 89' lang='lat' dir='ltr'>omni</span> <span class='ocrx_word' id='word_1_163' title='bbox 1297 2507 1452 2594; x_wconf 89' lang='lat' dir='ltr'>casuum</span> <span class='ocrx_word' id='word_1_164' title='bbox 1470 2539 1533 2594; x_wconf 87' lang='lat' dir='ltr'>va·</span> 
     </span>
     <span class='ocr_line' id='line_1_23' title="bbox 285 2613 1535 2728; baseline 0.008 -32"><span class='ocrx_word' id='word_1_165' title='bbox 285 2622 432 2699; x_wconf 86' lang='lat' dir='ltr'>-rietate</span> <span class='ocrx_word' id='word_1_166' title='bbox 454 2616 787 2700; x_wconf 84' lang='lat' dir='ltr'>determinandum</span> <span class='ocrx_word' id='word_1_167' title='bbox 800 2613 944 2726; x_wconf 88' lang='lat' dir='ltr'>peritos</span> <span class='ocrx_word' id='word_1_168' title='bbox 956 2617 1082 2724; x_wconf 79' lang='lat' dir='ltr'>juvat,</span> <span class='ocrx_word' id='word_1_169' title='bbox 1107 2623 1148 2701; x_wconf 72' lang='lat'>8&lt;</span> <span class='ocrx_word' id='word_1_170' title='bbox 1161 2617 1208 2700; x_wconf 84' lang='lat' dir='ltr'>ad</span> <span class='ocrx_word' id='word_1_171' title='bbox 1219 2621 1328 2728; x_wconf 92' lang='lat' dir='ltr'>plura</span> <span class='ocrx_word' id='word_1_172' title='bbox 1344 2619 1535 2706; x_wconf 79' lang='lat' dir='ltr'>indieain·</span> 
     </span>
     <span class='ocr_line' id='line_1_24' title="bbox 292 2725 1538 2835; baseline 0.009 -31"><span class='ocrx_word' id='word_1_173' title='bbox 292 2725 483 2806; x_wconf 88' lang='lat' dir='ltr'>venienda</span> <span class='ocrx_word' id='word_1_174' title='bbox 510 2725 744 2806; x_wconf 80' lang='lat' dir='ltr'>manuducit.</span> <span class='ocrx_word' id='word_1_175' title='bbox 800 2727 891 2810; x_wconf 88' lang='lat' dir='ltr'>Hoc</span> <span class='ocrx_word' id='word_1_176' title='bbox 916 2725 1050 2833; x_wconf 89' lang='lat' dir='ltr'>itaque</span> <span class='ocrx_word' id='word_1_177' title='bbox 1072 2749 1273 2835; x_wconf 87' lang='lat' dir='ltr'>comperto</span> <span class='ocrx_word' id='word_1_178' title='bbox 1323 2729 1403 2813; x_wconf 76' lang='lat' dir='ltr'>uod</span> <span class='ocrx_word' id='word_1_179' title='bbox 1427 2756 1538 2815; x_wconf 82' lang='lat' dir='ltr'>extra</span> 
     </span>
     <span class='ocr_line' id='line_1_25' title="bbox 283 2759 1534 2942; baseline 0.009 -27"><span class='ocrx_word' id='word_1_180' title='bbox 283 2831 560 2942; x_wconf 84' lang='lat' dir='ltr'>nosmet-ipsos</span> <span class='ocrx_word' id='word_1_181' title='bbox 584 2832 882 2916; x_wconf 70' lang='lat' dir='ltr'>auxilium-vere</span> <span class='ocrx_word' id='word_1_182' title='bbox 907 2836 1150 2917; x_wconf 85' lang='lat' dir='ltr'>rationalium</span> <span class='ocrx_word' id='word_1_183' title='bbox 1165 2759 1329 2942; x_wconf 54' lang='lat' dir='ltr'>(bocci</span> <span class='ocrx_word' id='word_1_184' title='bbox 1344 2839 1534 2942; x_wconf 55' lang='lat' dir='ltr'>Denuo</span> 
     </span>
     <span class='ocr_line' id='line_1_26' title="bbox 287 2939 1532 3134; baseline 0.01 -111"><span class='ocrx_word' id='word_1_185' title='bbox 287 2939 515 3052; x_wconf 81' lang='lat' dir='ltr'>mimimque</span> <span class='ocrx_word' id='word_1_186' title='bbox 543 2940 699 3024; x_wconf 86' lang='lat' dir='ltr'>illorum</span> <span class='ocrx_word' id='word_1_187' title='bbox 721 2942 791 3134; x_wconf 47' lang='lat' dir='ltr'>gui</span> <span class='ocrx_word' id='word_1_188' title='bbox 812 2939 1123 3050; x_wconf 75' lang='lat' dir='ltr'>adquaerendam</span> <span class='ocrx_word' id='word_1_189' title='bbox 1151 2973 1355 3032; x_wconf 90' lang='lat' dir='ltr'>commune</span> <span class='ocrx_word' id='word_1_190' title='bbox 1389 2951 1532 3038; x_wconf 87' lang='lat' dir='ltr'>bonurn</span> 
     </span>
     <span class='ocr_line' id='line_1_27' title="bbox 288 3049 1533 3158; baseline 0.008 -24"><span class='ocrx_word' id='word_1_191' title='bbox 288 3050 567 3158; x_wconf 79' lang='lat' dir='ltr'>consentiunt)</span> <span class='ocrx_word' id='word_1_192' title='bbox 585 3049 641 3132; x_wconf 89' lang='lat' dir='ltr'>est</span> <span class='ocrx_word' id='word_1_193' title='bbox 660 3079 721 3132; x_wconf 89' lang='lat' dir='ltr'>me</span> <span class='ocrx_word' id='word_1_194' title='bbox 749 3051 826 3134; x_wconf 89' lang='lat' dir='ltr'>&#39;um</span> <span class='ocrx_word' id='word_1_195' title='bbox 840 3051 888 3134; x_wconf 91' lang='lat' dir='ltr'>ad</span> <span class='ocrx_word' id='word_1_196' title='bbox 902 3051 1139 3144; x_wconf 77' lang='lat' dir='ltr'>foelicitatem</span> <span class='ocrx_word' id='word_1_197' title='bbox 1155 3055 1320 3140; x_wconf 89' lang='lat' dir='ltr'>nostram</span> <span class='ocrx_word' id='word_1_198' title='bbox 1342 3061 1533 3144; x_wconf 56' lang='lat' dir='ltr'>univera-</span> 
     </span>
     <span class='ocr_line' id='line_1_28' title="bbox 289 3157 1533 3272; baseline 0.007 -30"><span class='ocrx_word' id='word_1_199' title='bbox 289 3157 476 3261; x_wconf 78' lang='lat' dir='ltr'>liffimum,</span> <span class='ocrx_word' id='word_1_200' title='bbox 490 3161 848 3272; x_wconf 73' lang='lat' dir='ltr'>primb‚praecipue,</span> <span class='ocrx_word' id='word_1_201' title='bbox 862 3157 1083 3272; x_wconf 74' lang='lat' dir='ltr'>semperque</span> <span class='ocrx_word' id='word_1_202' title='bbox 1103 3163 1378 3266; x_wconf 79' lang='lat' dir='ltr'>neceffarium3</span> <span class='ocrx_word' id='word_1_203' title='bbox 1407 3170 1533 3256; x_wconf 87' lang='lat' dir='ltr'>idsta·</span> 
     </span>
     <span class='ocr_line' id='line_1_29' title="bbox 287 3270 1532 3389; baseline 0.01 -38"><span class='ocrx_word' id='word_1_204' title='bbox 287 3275 359 3352; x_wconf 88' lang='lat' dir='ltr'>t&#39;tm</span> <span class='ocrx_word' id='word_1_205' title='bbox 376 3273 552 3380; x_wconf 87' lang='lat' dir='ltr'>sequitur</span> <span class='ocrx_word' id='word_1_206' title='bbox 569 3271 663 3353; x_wconf 88' lang='lat' dir='ltr'>nihil</span> <span class='ocrx_word' id='word_1_207' title='bbox 678 3300 744 3381; x_wconf 87' lang='lat' dir='ltr'>per</span> <span class='ocrx_word' id='word_1_208' title='bbox 758 3294 882 3353; x_wconf 92' lang='lat' dir='ltr'>totum</span> <span class='ocrx_word' id='word_1_209' title='bbox 901 3270 985 3354; x_wconf 86' lang='lat' dir='ltr'>vitae</span> <span class='ocrx_word' id='word_1_210' title='bbox 997 3273 1202 3358; x_wconf 78' lang='lat' dir='ltr'>decursum</span> <span class='ocrx_word' id='word_1_211' title='bbox 1213 3278 1310 3362; x_wconf 74' lang='lat' dir='ltr'>clam</span> <span class='ocrx_word' id='word_1_212' title='bbox 1323 3301 1391 3364; x_wconf 94' lang='lat' dir='ltr'>aut</span> <span class='ocrx_word' id='word_1_213' title='bbox 1403 3279 1532 3389; x_wconf 81' lang='lat' dir='ltr'>palam</span> 
     </span>
     <span class='ocr_line' id='line_1_30' title="bbox 287 3378 1533 3492; baseline 0.009 -29"><span class='ocrx_word' id='word_1_214' title='bbox 287 3385 330 3464; x_wconf 90' lang='lat' dir='ltr'>in</span> <span class='ocrx_word' id='word_1_215' title='bbox 353 3405 576 3492; x_wconf 89' lang='lat' dir='ltr'>quenquam</span> <span class='ocrx_word' id='word_1_216' title='bbox 594 3379 913 3464; x_wconf 89' lang='lat' dir='ltr'>committendum</span> <span class='ocrx_word' id='word_1_217' title='bbox 931 3378 1024 3478; x_wconf 80' lang='lat' dir='ltr'>effe,</span> <span class='ocrx_word' id='word_1_218' title='bbox 1044 3411 1130 3492; x_wconf 86' lang='lat' dir='ltr'>quo</span> <span class='ocrx_word' id='word_1_219' title='bbox 1149 3383 1225 3470; x_wconf 88' lang='lat' dir='ltr'>hoc</span> <span class='ocrx_word' id='word_1_220' title='bbox 1247 3390 1396 3476; x_wconf 85' lang='lat' dir='ltr'>auxilio</span> <span class='ocrx_word' id='word_1_221' title='bbox 1420 3388 1533 3476; x_wconf 77' lang='lat' dir='ltr'>desti·</span> 
     </span>
     <span class='ocr_line' id='line_1_31' title="bbox 288 3484 1533 3602; baseline 0.013 -32"><span class='ocrx_word' id='word_1_222' title='bbox 288 3513 468 3584; x_wconf 77' lang='lat' dir='ltr'>tuamu13</span> <span class='ocrx_word' id='word_1_223' title='bbox 497 3487 537 3568; x_wconf 88' lang='lat' dir='ltr'>id</span> <span class='ocrx_word' id='word_1_224' title='bbox 562 3484 631 3587; x_wconf 83' lang='lat' dir='ltr'>est,</span> <span class='ocrx_word' id='word_1_225' title='bbox 646 3487 740 3568; x_wconf 90' lang='lat' dir='ltr'>nihil</span> <span class='ocrx_word' id='word_1_226' title='bbox 753 3517 919 3599; x_wconf 90' lang='lat' dir='ltr'>unquam</span> <span class='ocrx_word' id='word_1_227' title='bbox 943 3491 1054 3575; x_wconf 85' lang='lat' dir='ltr'>alieni</span> <span class='ocrx_word' id='word_1_228' title='bbox 1077 3495 1334 3580; x_wconf 87' lang='lat' dir='ltr'>invadendum</span> <span class='ocrx_word' id='word_1_229' title='bbox 1348 3499 1443 3602; x_wconf 77' lang='lat' dir='ltr'>elle,</span> <span class='ocrx_word' id='word_1_230' title='bbox 1467 3501 1533 3586; x_wconf 88' lang='lat' dir='ltr'>sed</span> 
     </span>
     <span class='ocr_line' id='line_1_32' title="bbox 256 3595 1532 3708; baseline 0.013 -30"><span class='ocrx_word' id='word_1_231' title='bbox 256 3659 259 3665; x_wconf 79' lang='grc'>.</span> <span class='ocrx_word' id='word_1_232' title='bbox 291 3601 313 3678; x_wconf 71' lang='grc' dir='ltr'>ὲ</span> <span class='ocrx_word' id='word_1_233' title='bbox 335 3597 468 3682; x_wconf 72' lang='lat' dir='ltr'>contri</span> <span class='ocrx_word' id='word_1_234' title='bbox 485 3595 659 3680; x_wconf 85' lang='lat' dir='ltr'>omnibus</span> <span class='ocrx_word' id='word_1_235' title='bbox 688 3599 808 3682; x_wconf 82' lang='lat' dir='ltr'>orodis</span> <span class='ocrx_word' id='word_1_236' title='bbox 829 3600 977 3708; x_wconf 88' lang='lat' dir='ltr'>semper</span> <span class='ocrx_word' id='word_1_237' title='bbox 999 3602 1245 3688; x_wconf 81' lang='lat' dir='ltr'>annitendum</span> <span class='ocrx_word' id='word_1_238' title='bbox 1259 3629 1301 3692; x_wconf 92' lang='lat' dir='ltr'>ut</span> <span class='ocrx_word' id='word_1_239' title='bbox 1322 3607 1397 3690; x_wconf 89' lang='lat' dir='ltr'>lroc</span> <span class='ocrx_word' id='word_1_240' title='bbox 1421 3609 1532 3694; x_wconf 78' lang='lat' dir='ltr'>nobis</span> 
     </span>
    </p>
   </div>
   <div class='ocr_carea' id='block_1_3' title="bbox 137 3703 1530 3826">
    <p class='ocr_par' dir='ltr' id='par_1_3' title="bbox 137 3703 1530 3826">
     <span class='ocr_line' id='line_1_33' title="bbox 137 3703 1530 3826; baseline 0.018 -46"><span class='ocrx_word' id='word_1_241' title='bbox 137 3759 141 3764; x_wconf 90' lang='lat'>-</span> <span class='ocrx_word' id='word_1_242' title='bbox 285 3729 518 3812; x_wconf 86' lang='lat' dir='ltr'>perpetuum</span> <span class='ocrx_word' id='word_1_243' title='bbox 542 3703 778 3791; x_wconf 89' lang='lat' dir='ltr'>concilietur.</span> <span class='ocrx_word' id='word_1_244' title='bbox 821 3709 1058 3820; x_wconf 71' lang='lat' dir='ltr'>Opportune</span> <span class='ocrx_word' id='word_1_245' title='bbox 1092 3737 1221 3798; x_wconf 88' lang='lat' dir='ltr'>autem</span> <span class='ocrx_word' id='word_1_246' title='bbox 1258 3719 1351 3802; x_wconf 91' lang='lat' dir='ltr'>illud</span> <span class='ocrx_word' id='word_1_247' title='bbox 1377 3719 1530 3826; x_wconf 86' lang='lat' dir='ltr'>insuper</span> 
     </span>
    </p>
   </div>
   <div class='ocr_carea' id='block_1_4' title="bbox 274 3813 1531 4242">
    <p class='ocr_par' dir='ltr' id='par_1_4' title="bbox 274 3813 1531 4242">
     <span class='ocr_line' id='line_1_34' title="bbox 284 3813 1531 3939; baseline 0.016 -44"><span class='ocrx_word' id='word_1_248' title='bbox 284 3815 493 3922; x_wconf 85' lang='lat' dir='ltr'>contingit,</span> <span class='ocrx_word' id='word_1_249' title='bbox 520 3813 631 3925; x_wconf 73' lang='lat' dir='ltr'>quod</span> <span class='ocrx_word' id='word_1_250' title='bbox 656 3819 757 3898; x_wconf 85' lang='lat' dir='ltr'>intra</span> <span class='ocrx_word' id='word_1_251' title='bbox 784 3817 1044 3928; x_wconf 73' lang='lat' dir='ltr'>uolitet-ipsos</span> <span class='ocrx_word' id='word_1_252' title='bbox 1072 3824 1172 3906; x_wconf 89' lang='lat' dir='ltr'>nulla</span> <span class='ocrx_word' id='word_1_253' title='bbox 1200 3823 1241 3908; x_wconf 88' lang='lat' dir='ltr'>fit</span> <span class='ocrx_word' id='word_1_254' title='bbox 1258 3831 1319 3911; x_wconf 86' lang='lat' dir='ltr'>vis</span> <span class='ocrx_word' id='word_1_255' title='bbox 1341 3854 1424 3939; x_wconf 86' lang='lat' dir='ltr'>quae</span> <span class='ocrx_word' id='word_1_256' title='bbox 1440 3830 1531 3914; x_wconf 88' lang='lat' dir='ltr'>iuti·</span> 
     </span>
     <span class='ocr_line' id='line_1_35' title="bbox 282 3921 1529 4040; baseline 0.014 -33"><span class='ocrx_word' id='word_1_257' title='bbox 282 3921 434 4007; x_wconf 80' lang='lat' dir='ltr'>mitis&amp;</span> <span class='ocrx_word' id='word_1_258' title='bbox 461 3925 610 4033; x_wconf 79' lang='lat' dir='ltr'>plenius</span> <span class='ocrx_word' id='word_1_259' title='bbox 633 3955 702 4009; x_wconf 91' lang='lat' dir='ltr'>nos</span> <span class='ocrx_word' id='word_1_260' title='bbox 726 3927 843 4013; x_wconf 89' lang='lat' dir='ltr'>beare</span> <span class='ocrx_word' id='word_1_261' title='bbox 862 3925 989 4040; x_wconf 82' lang='lat' dir='ltr'>poffit,</span> <span class='ocrx_word' id='word_1_262' title='bbox 1013 3931 1130 4040; x_wconf 75' lang='lat' dir='ltr'>quam</span> <span class='ocrx_word' id='word_1_263' title='bbox 1142 3931 1334 4020; x_wconf 89' lang='lat' dir='ltr'>liberrima</span> <span class='ocrx_word' id='word_1_264' title='bbox 1348 3959 1529 4030; x_wconf 78' lang='lat' dir='ltr'>eontent-</span> 
     </span>
     <span class='ocr_line' id='line_1_36' title="bbox 274 4035 1530 4242; baseline 0.018 -129"><span class='ocrx_word' id='word_1_265' title='bbox 274 4035 418 4144; x_wconf 64' lang='lat' dir='ltr'>&#39;platlm</span> <span class='ocrx_word' id='word_1_266' title='bbox 444 4060 566 4136; x_wconf 84' lang='lat' dir='ltr'>amor,</span> <span class='ocrx_word' id='word_1_267' title='bbox 590 4037 632 4118; x_wconf 87' lang='lat'>&amp;</span> <span class='ocrx_word' id='word_1_268' title='bbox 655 4036 837 4146; x_wconf 84' lang='lat' dir='ltr'>gaudium</span> <span class='ocrx_word' id='word_1_269' title='bbox 851 4040 949 4150; x_wconf 72' lang='lat' dir='ltr'>eirca</span> <span class='ocrx_word' id='word_1_270' title='bbox 969 4041 1031 4124; x_wconf 91' lang='lat' dir='ltr'>illa</span> <span class='ocrx_word' id='word_1_271' title='bbox 1045 4042 1084 4126; x_wconf 87' lang='lat' dir='ltr'>se</span> <span class='ocrx_word' id='word_1_272' title='bbox 1109 4050 1306 4134; x_wconf 82' lang='lat' dir='ltr'>exerentia</span> <span class='ocrx_word' id='word_1_273' title='bbox 1322 4047 1530 4242; x_wconf 57' lang='lat' dir='ltr'>quaehgpp</span> 
     </span>
    </p>
   </div>
   <div class='ocr_carea' id='block_1_5' title="bbox 0 0 1704 4566">
    <p class='ocr_par' dir='ltr' id='par_1_5' title="bbox 0 0 1704 4566">
     <span class='ocr_line' id='line_1_37' title="bbox 0 0 1704 4566; baseline 0 8"><span class='ocrx_word' id='word_1_274' title='bbox 0 0 1704 4566; x_wconf 95' lang='lat' dir='ltr'> </span> 
     </span>
    </p>
   </div>
  </div>
 </body>
</html>
