3392 4572
697 179 974 316 Consedlarr'a.
1370 225 1429 321 39
1434 232 1465 324 ς

214 355 348 466 polser
369 355 457 443 inde
471 355 583 442 etiarn
603 353 770 467 sequitur
783 381 900 440 unum
929 381 1100 466 nemque
1114 355 1222 464 iuxta
1238 357 1458 474 Hobbinm‚

212 473 383 552 retinere
407 465 472 550 fibi
491 475 551 576 jus
574 471 614 552 in
642 465 855 576 quemlibet
869 385 1048 575 adedque
1063 464 1101 548 in
1125 463 1224 550 suam
1242 469 1456 556 Civitatem

209 573 353 660 bellum
375 579 548 688 gerendi,
577 576 642 660 nist
664 577 742 686 ipsa
767 573 916 684 nugulis
939 576 1002 680 jur
1033 575 1230 660 adomnia
1254 580 1455 688 concedat,

207 689 314 794 quod
325 709 450 772 tamen
462 686 702 773 manifestum
716 683 786 785 est,
798 685 836 766 in
854 684 954 766 nulla
969 683 1139 768 Ciuitate
1152 689 1313 772 concedi
1330 689 1453 798 posse.

207 795 352 882 Verinn
363 796 491 908 potitis
517 798 713 882 audiamus
727 793 927 878 Hobbinm
942 790 1083 904 ipsnnr3
1110 797 1142 878 is
1163 795 1338 904 ejurese
1357 827 1452 884 con·

205 903 379 993 servandi
393 907 677 992 &defendendi
690 905 846 1016 prorsus
872 903 1067 989 illimitato
1082 905 1215 1014 aperte
1236 908 1448 996 admodum

204 1013 367 1101 Civibus
387 1015 568 1102 coaceffit
589 1017 803 1103 libertatem
828 1036 964 1100 contra
982 1014 1158 1100 Civitatis
1170 1018 1351 1102 summam
1371 1023 1448 1107 Ρο-

202 1125 377 1210 testatem
404 1125 440 1210 se
460 1127 695 1216 defendendi
725 1124 1100 1230 conjunnisviribus
1122 1127 1288 1210 armatis.
1326 1129 1447 1240 Capi·

201 1259 241 1319 te
269 1261 335 1320 ar.
360 1235 576 1320 Leviarhaen.
603 1236 660 1318 his
679 1236 812 1318 verbis
832 1233 1078 1344 quaestionem
1101 1237 1296 1346 proponit,
1327 1239 1443 1352 eique

199 1347 431 1541 ffl'ffldil
453 1345 934 1542 lldlll‘filrllll
954 1345 1443 1542 llaulollllillls‘l

196 1488 652 1678 “talgmpropterequod
674 1565 738 1648 nisr
759 1567 799 1649 se
812 1485 1021 1661 defendant
1042 1567 1244 1677 expediant
1260 1487 1438 1674 monllll,
1495 1595 1499 1602 ·

195 1682 381 1868 :lpum
407 1679 557 1787 aliquis,
582 1674 711 1866 utrlnp
733 1674 950 1868 silmas?
975 1675 1031 1760 illi
1053 1675 1269 1816 coanullis
1292 1679 1437 1806 viribus

191 1785 731 2022 ‹nlullfllrlzllilllrj
752 1805 912 2022 slim
925 1785 1187 2021 ἓῗῗὲἱιὲἰῗξὲῑ
1210 1787 1436 1982 llll?

194 2002 266 2088 “ti
290 2008 401 2116 aeque
418 2005 521 2090 licet.
561 2002 745 2114 Iniustrna
763 2005 922 2116 quidem
937 2027 1026 2089 erat
1039 2001 1154 2090 officn
1169 2005 1339 2090 ,violatio
1352 2012 1432 2116 pri·

189 2121 220 2164 ‘⁶
235 2143 313 2226 ma,
339 2111 403 2202 sed
413 2116 520 2228 qudd
533 2145 636 2200 arma
648 2112 781 2226 postea
792 2112 842 2198 ad
856 2116 895 2200 se
907 2111 1175 2200 defendendos
1188 2114 1428 2226 sumpserint,

189 2228 375 2312 “crimen
394 2253 538 2312 novum
562 2223 729 2314 nonest.
784 2223 1052 2334 lnAnglicana
1076 2223 1326 2311 Leviathanis
1347 2228 1430 2313 edi·

187 2337 296 2421 tione
316 2337 395 2424 lraec
416 2337 551 2422 eadem
566 2336 774 2443 habentur,
798 2335 924 2420 sed&
944 2335 1092 2446 aliquid
1113 2335 1310 2436 audacius,
1337 2364 1426 2422 nam

183 2449 277 2532 loco
310 2449 451 2534 ultimae
484 2443 666 2547 clausulae,
694 2443 749 2526 hae
788 2443 870 2530 duae
907 2467 1115 2554 ponuntur.
1175 2445 1440 2530 “Armorum

95 2625 97 2628 .
181 2555 389 2672 “sumptio
403 2559 566 2668 primam
589 2555 704 2640 officii
725 2554 981 2639 violationem
995 2550 1240 2664 subsequens,
1251 2555 1425 2666 quamvis

185 2662 320 2752 “esset
333 2689 374 2750 nt
388 2689 590 2751 tuerentur
611 2665 651 2748 id
675 2663 784 2774 quod
799 2662 988 2774 fecissent,
1014 2662 1164 2750 nonest
1184 2669 1424 2752 novnaastus

182 2772 409 2880 “injustusa
439 2775 521 2861 &fi
543 2775 585 2860 sat
598 2775 744 2860 tantiam
765 2773 1100 2860 utsuasrueantur
1121 2777 1321 2889 personas,
1341 2807 1423 2864 non

180 2883 281 2968 “est
305 2888 575 2972 omninoadlus
603 2883 775 2993 injustus.
829 2890 918 2994 Ego
930 2881 1016 2969 sane
1032 2885 1260 2972 laudandum
1278 2891 1420 2974 censeo
1550 2955 1558 2968 .

179 2993 291 3108 quod
318 2997 534 3106 perversam
555 2996 658 3082 adeo
684 2992 891 3081 doctrinam
925 3000 967 3080 in
991 2997 1129 3078 Latina
1150 2997 1326 3085 editione
1348 2997 1420 3082 ali·

175 3127 365 3217 quantum
386 3107 598 3191 correxerit
612 3136 630 3191 a·
653 3103 895 3190 nihilominus
908 3101 1205 3189 etiamsecnndae
1227 3106 1418 3216 illaecogi·

175 3219 338 3301 tationes
363 3215 580 3325 perniciosae
594 3213 799 3302 admodum
818 3214 1017 3316 videntur,
1044 3217 1086 3298 8(
1111 3215 1416 3324 perduellionem

174 3326 329 3438 spirare.
371 3329 596 3436 Cogitemus
607 3327 707 3410 enim
720 3322 861 3408 crimen
885 3325 979 3408 illud
992 3324 1172 3434 capitale,
1192 3327 1307 3438 quod
1328 3326 1416 3439 sup·

171 3441 285 3546 ponit
306 3438 449 3522 multos
460 3436 697 3538 commisasse,
721 3434 798 3518 hoc
810 3431 933 3536 fuiffe,
948 3435 1211 3541 Conjnrdrunt
1233 3437 1414 3535 multiiu-

171 3569 234 3630 ter
258 3545 294 3631 se
310 3549 463 3656 Regem
475 3545 668 3649 occidere,
694 3545 865 3632 defertur
889 3547 965 3630 hoc
985 3547 1129 3632 crimen
1153 3545 1205 3630 ab
1222 3549 1306 3657 ejus
1318 3575 1412 3634 con·

170 3653 250 3739 scio
270 3655 320 3738 ad
346 3659 469 3766 Regis
493 3683 618 3739 aures.
668 3659 849 3740 Metnunt
881 3655 968 3740 hinc
992 3662 1259 3762 conjuratores
1290 3685 1409 3767 quam

91 3815 94 3869 3
169 3766 347 3851 merusre
367 3787 547 3853 mortem.
576 3767 689 3849 Licet
701 3769 775 3850 illis
788 3763 935 3874 (inquit
949 3766 1121 3852 Casnilla
1132 3765 1262 3852 noster
1261 3765 1292 3873 j
1303 3796 1409 3856 arma

168 3873 374 3961 sumerent
397 3874 826 3984 stmutundefendant,
853 3897 969 3986 atque
989 3875 1029 3958 id
1044 3873 1409 3964 sacetectimenoo·

169 4011 261 4068 vum
284 4016 363 4071 non
380 3986 448 4069 est.
505 3985 593 4096 Egd
616 3987 716 4070 vero
736 3985 915 4070 exillimo
928 3985 1196 4092 conjuratores
1209 3987 1409 4092 hujusmo-

167 4093 206 4178 di
226 4123 331 4182 arma
343 4095 577 4206 capessentes
589 4119 723 4184 contra
743 4089 849 4289 {um
872 4098 1039 4208 Regem,
1062 4123 1106 4182 ut
1118 4124 1270 4210 poenam
1291 4122 1407 4293 qnpar

799 4229 906 4292 eea
1234 4230 1343 4292 meru
1369 4235 1412 4294 te
