3400 4566
267 59 315 90 .=.
341 103 405 208 De
430 103 749 246 degeNaturae
766 105 1221 248 ejtlsqueohdgotioue.
1330 141 1470 246 -2392,
1547 64 1550 70 Ι

192 273 357 408 litlotodi
380 275 538 389 flagitiis
560 263 784 392 uon'poteli
795 279 1047 390 cognoscere,
1068 281 1167 388 sape
1188 278 1356 366 evadunt
1370 283 1444 368 im·

193 413 359 500 punitas
385 387 559 500 idetique
573 391 890 504 quandocunque
909 387 1007 474 sumi
1029 387 1155 498 potest
1175 417 1305 501 poena,
1328 397 1450 480 sum-i·.
1602 427 1608 434 ·

170 518 257 584 ¹tut·
279 497 516 611 graviffima,
540 527 584 588 ut
612 497 763 614 quantd
778 499 900 610 magis
925 498 1087 586 audacia
1115 525 1165 584 ex
1178 503 1245 610 spe
1259 499 1444 614 frequen·

169 627 179 686 r.
189 612 240 696 tis
256 608 490 724 impunitatis
502 620 688 714 creverit,
709 611 823 696 tantd
836 607 956 720 magle
983 610 1120 696 eadem
1146 611 1282 696 summi
1301 613 1444 724 suppli·

188 723 243 806 eii
260 722 628 809 metureruudatutt
658 724 793 834 Atque
807 721 997 810 haecurihi
1021 721 1182 808 videtur
1205 751 1299 806 vera
1321 723 1471 807 Ratio„-

188 859 264 918 cur
288 833 480 918 horrenda
495 831 699 921 admodum
711 833 876 920 vindidla
892 837 934 917 in
948 831 1054 918 bello
1067 831 1361 945 quandoque'lit
1373 863 1443 920 ne·
1459 893 1466 902 -

191 941 382 1034 cellariar
408 944 527 1030 immd
549 953 591 1032 8<
618 975 688 1030 cur
702 944 741 1028 in
764 943 1003 1028 Civitatibus
1024 945 1226 1055 graviores
1243 939 1466 1055 ,indigum--

187 1075 254 1138 tur
281 1083 403 1165 poenae
428 1056 543 1168 quam
567 1054 707 1168 quibus
732 1082 833 1164 opus
852 1053 951 1140 ellet
980 1053 1007 1138 st
1029 1056 1160 1140 omnia
1188 1081 1273 1166 quae
1298 1083 1463 1167 perpe·-

188 1183 344 1248 ttantut
368 1166 526 1251 crimina
548 1166 589 1252 in
614 1166 804 1274 judicium
833 1167 1013 1252 ¹venirent
1042 1165 1230 1250 utstatim
1259 1166 1441 1276 puniren-

186 1295 266 1360 tur.
310 1275 403 1359 Haec
426 1277 611 1405 autemid
634 1275 871 1406 manifestum
895 1273 1131 1404 faceremibi
1151 1275 1342 1406 videntur,
1355 1303 1459 1408 pru-⁶

185 1385 481 1584 uldila
500 1388 948 1604 stltlttt'tlllt
958 1384 1281 1582 ltltlltll
1297 1411 1461 1606 {utu

107 1698 117 1718 .
183 1602 280 1714 sum,
306 1610 387 1692 vitn
412 1605 556 1692 habete
569 1609 809 1694 constantem
835 1612 876 1694 &
897 1631 1126 1721 perpetuam
1141 1607 1439 1692 auusvotunta-

168 1717 304 1806 ¹ratior
328 1719 351 1802 t
376 1721 538 1804 rationis
549 1717 707 1804 consilio
730 1715 923 1830 susceptos
938 1717 1223 1802 determinandi
1244 1720 1285 1800 io
1300 1741 1436 1803 eorum

184 1823 225 1912 fir
256 1855 317 1912 am
339 1827 481 1940 quibus
506 1855 628 1940 poenae
650 1829 723 1913 illae
741 1829 995 1912 intentantur.
1035 1829 1188 1912 Pariter
1206 1830 1324 1911 etiam
1341 1851 1437 1954 prae·

184 1851 279 2024 vido
300 1941 459 2022 maximi
484 1936 580 2022 boni
603 1935 858 2048 probabiliter
881 1935 1011 2021 saltem
1034 1933 1157 2022 futuri
1179 1936 1325 2045 semper
1342 1963 1379 2019 tn
1396 1933 1460 2020 l'e·

183 2046 302 2130 babet
313 2047 469 2159 pondus
492 2045 798 2160 idoneumquod
809 2047 858 2132 ad
873 2074 941 2132 eor
954 2045 1058 2132 attus
1069 2045 1242 2132 homines
1252 2045 1438 2132 determi·
1448 2105 1457 2112 *-

183 2180 266 2258 net,
280 2157 347 2271 qui
360 2157 414 2240 illi
438 2158 689 2286 procurando
701 2157 889 2246 ullatenus
901 2155 1094 2242 deservire
1107 2151 1264 2268 poffint.
1292 2155 1367 2241 Vel
1389 2157 1470 2240 utf'

179 2266 861 2490 ffilllll1illlii‘ifilnl2i
860 2288 1104 2506 {diffidi
1119 2267 1294 2503 iiulldil
1295 2289 1435 2464 llll

180 2491 272 2573 tatis
281 2491 495 2600 completa,
505 2517 622 2600 quam
635 2491 860 2574 naturaliter
871 2509 1100 2600 expetimus,
1113 2487 1433 2596 continemquod
1451 2535 1455 2542 ·

180 2597 233 2682 ad
259 2597 535 2710 obligationem
559 2599 794 2684 inferendam
848 2599 1030 2684 lutimum
1056 2597 1165 2682 facit.
1224 2595 1457 2704 Obligatio.

180 2711 286 2794 enim
307 2710 456 2820 Legum
470 2709 716 2796 Naturalium
728 2630 1048 2822 quaebominibus
1060 2705 1244 2792 naturalis
1263 2705 1342 2792 dici
1358 2737 1435 2820 po·

178 2817 269 2922 tell,
282 2847 362 2905 non
375 2821 474 2908 aded
485 2821 589 2910 tollit
600 2821 709 2906 liberi
732 2819 884 2906 arbitrii
900 2817 1000 2906 vires
1011 2821 1107 2932 quin
1118 2818 1201 2904 obli
1230 2817 1449 2926 atisuope·-

176 2931 309 3022 riculo
331 2931 447 3015 aliter
459 2933 587 3018 facere
603 2929 769 3045 pollint:
799 2931 874 3015 Sed
886 2931 1070 3016 idoneum
1083 2846 1304 3042 firppeditat
1316 2955 1431 3040 argu.

178 3063 353 3128 mentum
375 3040 440 3128 seu
462 3042 608 3128 causam
630 3039 867 3151 impulsrvam
890 3037 1153 3143 sufficientem,
1167 3043 1280 3149 cuiue
1295 3037 1442 3124 .conli··

180 3153 385 3240 duratione
408 3176 610 3240 moveatur
620 3152 816 3262 obligatus
829 3173 873 3236 ut
895 3175 1060 3265 agataut
1073 3149 1124 3236 ab
1146 3151 1300 3264 agendo
1312 3147 1432 3236 absti-

181 3287 286 3367 neat,
301 3286 419 3376 prout
434 3265 563 3352 Ratio
572 3264 636 3348 vel
653 3250 739 3347 L'ex
754 3267 792 3348 ti
806 3264 1044 3376 praeceperit.

237 3373 462 3470 §.XXVIL
493 3377 572 3462 Hic
590 3399 733 3477 autern,
756 3405 806 3459 ne
828 3375 965 3460 videat
976 3367 1207 3460 discedenti
1233 3365 1449 3458 commuui-

181 3481 391 3570 vetborum
413 3482 498 3597 usu,
509 3487 652 3595 placuit
666 3485 792 3596 paucis
812 3485 1031 3589 ostendere,
1048 3480 1261 3590 Qtomodo
1280 3506 1330 3606 5².
1340 3503 1439 3590 quae.

179 3587 267 3675 dixi
299 3593 382 3679 larls
407 3597 609 3682 confistant
630 3603 671 3684 in
707 3619 864 3708 recepta
900 3595 1149 3706 obligationis
1181 3587 1443 3676 defimuone..
1690 3675 1691 3704 p

210 3699 380 3898 sputo.
394 3706 515 3822 Instit.
546 3711 610 3796 lib.
625 3735 665 3814 3.
690 3721 748 3792 rit.
769 3731 830 3812 14.
862 3705 960 3790 hanc
973 3697 1424 3792 exbibetdefiuitiontut·
1555 3747 1558 3752 ·

178 3827 208 3893 0
244 3820 423 3936 igatt'oefi
444 3821 551 3932 Jara’s
573 3821 776 3919 vinculum,
796 3813 1076 3931 quonaceffitate
1099 3812 1333 3926 astringimur
1354 3813 1428 3896 ati-

180 3939 288 4037 cujut
309 3939 366 4014 rer·
381 3927 790 4043 soluendastcunditm
822 3925 947 4045 nostro
971 3933 1150 4014 ciuitatis
1163 3937 1273 4038 jura.
1291 3925 1445 4049 latet·

178 4061 312 4126 autem
331 4067 379 4129 ea
403 4071 488 4155 qua
510 4046 562 4130 de
581 4040 777 4130 solutione
801 4036 1148 4148 dicuatut„&..de
1173 4035 1240 4121 sua
1267 4043 1428 4112 ctvltate

1258 4132 1455 4244 specialia.-
