3410 4574
140 87 145 94 Α
262 52 384 266 Ιααοι
478 143 541 242 Dc
570 137 683 272 Lege
703 131 888 234 Natura
918 51 1385 296 ejlsquenbligatianes

260 336 367 449 deat,
378 332 486 448 quod
498 330 634 418 efficiet
655 355 702 442 ut
717 326 921 416 Communi
934 328 1047 412 Bono
1063 324 1322 442 unusqmsque
1346 333 1507 418 inservi·

262 475 323 553 at„
342 455 411 560 qui
423 445 470 528 ad
486 442 675 557 ppincipia
695 439 794 526 suam
811 435 1146 523 construationem
1170 443 1400 550 imperanti-a
1417 473 1509 553 pto·

264 563 316 646 be
339 560 506 641 animum
529 553 720 637 advertat.
759 549 1073 658 Hisargumentis
1084 549 1305 636 coronidem
1320 555 1508 662 imponet,

265 679 306 756 8(
327 669 377 751 nd
404 661 602 778 sequentia
625 661 674 744 ab
698 653 841 744 effestis
864 659 1034 742 mediatis
1046 662 1148 741 viam
1164 663 1312 745 muniet
1338 663 1417 744 haec
1431 667 1507 745 tta-

266 779 488 888 pioeinatio.
544 775 726 859 Actiones
741 769 873 854 nostrae
893 795 977 877 quae
1002 769 1148 852 faciunt
1170 771 1363 866 utintinte
1377 773 1507 855 sentia·

269 919 365 989 mus,
390 917 457 970 nos
471 887 679 994 <quantum
705 879 920 991 possumus)
945 877 1071 962 secisse
1096 880 1143 964 ad
1165 881 1333 966 nostram
1350 882 1512 988 ipsorum

270 998 505 1106 aliottimque
529 993 636 1077 simul
661 989 916 1090 foelicitatem,
942 985 1151 1073 suaviffinl
1174 1021 1244 1076 nos
1267 990 1399 1076 latini
1425 1021 1511 1102 pto-

271 1111 452 1204 fundunt,
472 1104 653 1212 adeeique
674 1129 743 1183 nos
772 1101 899 1181 beant.
938 1099 1133 1182 nationes
1162 1102 1208 1184 ad
1239 1101 1382 1184 bonum
1409 1129 1511 1185 com·

274 1246 387 1306 mune
411 1215 645 1300 collimantes
668 1212 744 1294 hoc
764 1211 926 1294 faciunt.
954 1211 1075 1318 Erg0,
1091 1213 1162 1292 &c
1223 1212 1354 1316 Major
1378 1212 1515 1299 *asues-

275 1332 399 1414 citatis
424 1325 558 1410 nostrae
584 1322 793 1434 (quatenns
816 1318 972 1430 quidem
1004 1319 1113 1402 estin
1139 1313 1265 1402 nostra
1289 1319 1514 1433 potestate)

275 1433 690 1550 definitionesamitur,
715 1429 888 1540 ideeique
898 1429 1140 1536 probatione
1165 1457 1241 1510 non
1259 1455 1358 1538 eget.
1392 1433 1516 1516 Minor

277 1537 406 1634 autem
434 1543 620 1628 facillime
644 1538 844 1650 probatur,
872 1537 1148 1620 confidetando
1185 1544 1267 1622 eam
1296 1539 1516 1626 esl'e'Natu·

278 1687 358 1744 tam
373 1656 651 1750 humanam5ut
671 1670 749 1736 n'on
764 1645 877 1758 poffit
889 1675 966 1730 non
978 1647 1116 1730 intime
1129 1647 1395 1756 persentiscere
1409 1655 1519 1760 quic·

281 1767 377 1880 quid
404 1763 481 1876 ipsa
505 1759 805 1870 consultbagat't
833 1757 999 1868 qualiter
1025 1755 1172 1866 semper
1193 1782 1368 1868 agentem
1383 1762 1530 1874 suppo·¹
1583 1849 1588 1858 ,

281 1887 409 1966 nimus
434 1873 639 1984 sapientem
673 1869 767 1956 boni
799 1869 1006 1952 communis
1037 1865 1254 1954 studiosum.
1314 1871 1422 1952 Suam
1455 1902 1521 1953 au·

282 2015 364 2074 tem
392 1985 631 2074 soelicitatem
659 1981 852 2088 negligere
879 1979 1013 2090 nequit
1035 1979 1100 2088 qui
1127 1973 1460 2168 sepienterquaetit
1479 2007 1521 2064 ut

283 2094 463 2186 omnibus
486 2111 653 2204 quorum
679 2087 754 2200 ipse
779 2116 873 2188 unus
896 2087 951 2170 est
970 2089 1098 2199 prosit.
1186 2091 1256 2174 inis
1279 2119 1369 2174 eura
1388 2089 1523 2178 efficiet

283 2234 338 2294 ut¹
352 2207 431 2290 suas
455 2207 557 2286 vires
569 2197 1037 2311 persentonesqtteonnes
1052 2200 1274 2308 conservet,
1286 2203 1524 2314 augea‘tque3

285 2319 390 2430 quia.
414 2315 541 2397 media
570 2308 652 2393 sunt
672 2309 810 2421 quibus
847 2305 962 2390 finem
988 2307 1221 2420 assequatur.
1281 2309 1404 2392 Imml)
1431 2307 1534 2397 vert

286 2429 389 2512 nihil
415 2421 537 2530 magis
559 2419 710 2504 efficere
731 2416 858 2528 potest
878 2441 922 2502 ut
945 2421 1092 2516 Deum,
1111 2421 1300 2530 homines,
1326 2421 1526 2535 omnesque

287 2533 415 2622 causas
446 2529 711 2617 efficacissimas
733 2529 797 2612 st'bi
822 2527 1020 2629 conciliet,
1047 2533 1087 2612 ὃ(
1112 2529 1296 2640 adjungat
1321 2529 1388 2616 libi
1413 2534 1451 2618 in
1473 2532 1528 2616 so·

233 2716 236 2726 .
288 2649 473 2732 cietatem
500 2668 627 2749 operae
649 2641 726 2766 qui
762 2641 866 2723 sunm
893 2639 1003 2743 juxti
1029 2668 1074 2722 ac
1105 2641 1266 2724 aliorum
1290 2641 1529 2726 soelicitatem

254 2843 259 2856 ,
289 2753 442 2868 quaerit.
483 2749 587 2850 Qtid
606 2747 901 2832 entmefficaciltt
926 2750 1057 2832 Deum
1071 2749 1318 2864 hominesque
1343 2751 1533 2838 solicitate

289 2861 418 2974 potest
439 2863 481 2942 in
505 2861 588 2962 ejus
612 2857 796 2938 auxilium
818 2858 935 2967 quim
970 2857 1100 2942 finceti
1127 2859 1342 2966 hujusmodi
1365 2859 1530 2961 affectus,

291 3002 336 3056 ac
362 2991 526 3060 conatus,
543 2965 722 3052 omnibus
745 2989 851 3076 grata
863 2967 1054 3054 faciendi?
1085 2970 1207 3052 Certe
1232 2972 1319 3056 cum
1343 2975 1437 3059 nihil
1457 2999 1536 3054 ma·

292 3089 360 3192 just
376 3079 419 3164 stt
442 3081 481 3164 in
502 3077 666 3162 hominia
686 3077 948 3188 facultatibus,
976 3077 1070 3176 nihil
1096 3081 1218 3186 majus
1243 3085 1389 3185 ὲῦεο,
1413 3081 1535 3166 homi·

293 3191 455 3278 nibtisve
477 3189 527 3272 ab
547 3190 628 3278 illo.
641 3186 769 3298 potest
781 3187 998 3296 expellant
1030 3188 1201 3303 denique
1227 3194 1385 3300 praemiis
1406 3195 1536 3277 imme·

294 3303 398 3388 diane
422 3305 445 3386 a
469 3300 620 3384 Natura
644 3297 829 3394 annexis3
853 3295 982 3380 studio
1007 3296 1097 3387 boni
1123 3306 1342 3386 communis·
1358 3331 1538 3388 annume-

230 3407 238 3418 ’
296 3409 415 3496 tanda
435 3409 492 3492 est
507 3407 795 3492 multisatia.illa
807 3409 989 3516 voluptas
1010 3438 1092 3519 quae
1109 3417 1309 3522 provenit·
1320 3413 1370 3496 ab
1396 3411 1539 3498 exerci-

298 3524 354 3604 tio
370 3520 508 3608 virium
530 3520 573 3608 ὃς
597 3515 1076 3628 propenfionumamnium
1096 3547 1191 3629 quas
1206 3523 1374 3607 humane
1400 3548 1552 3626 tanturn.¹

299 3631 442 3730 inesse,
466 3635 509 3718 ὃ(
531 3629 572 3710 in
600 3629 700 3711 hunc
734 3629 922 3738 praecipue
950 3625 1065 3710 finem
1109 3632 1276 3742 adaptari
1310 3631 1394 3718 fuse
1416 3633 1539 3720 osten·
1678 3670 1681 3683 ·

298 3741 494 3874 ᾀίιῃᾳεὰῃ·
512 3737 664 3850 Capite
680 3735 730 3820 de
752 3736 921 3842 Huntapl
944 3740 1101 3841 Natural,
1128 3745 1211 3852 qui)
1239 3743 1462 3830 referendus
1486 3739 1549 3825 est*

300 3850 557 4056 Legolell·
571 3955 824 4042 Transeamus
834 3957 883 4042 ad
897 3913 1238 4046 confiderationem
1257 3959 1458 4048 effeliuum
1474 3961 1548 4050 bo·

303 4097 439 4156 norum
453 4065 586 4160 aDeo
599 4065 711 4154 cettb
727 4069 1109 4180 expellendorum&
1126 4071 1176 4156 ab
1200 4073 1548 4198 huminibuslonge

1406 4183 1548 4293 pottiu,
