3392 4572
284 215 381 323 334
575 99 708 286 Dein
724 183 882 316 quein
906 178 1019 318 Lege
1046 177 1233 281 Nature

281 379 390 439 caces
412 355 452 438 in
465 347 603 438 ordine
617 351 667 434 nd
678 351 780 437 hunc
791 349 920 451 finem,
942 345 1207 436 indifferentes
1222 367 1358 434 erunt:
1386 368 1535 459 utpote
1650 427 1653 438 .

282 467 333 550 de
359 464 505 574 quibus
528 463 611 547 Lex
636 461 830 546 Naturalis
851 489 930 547 non
951 459 1183 543 determinat
1207 487 1257 542 nn
1274 459 1349 544 hoc
1369 459 1431 542 vel
1454 459 1526 545 illo

282 575 405 660 modo
428 573 552 660 lacere
572 597 771 682 oporteat,
799 569 861 656 sed
890 567 1045 654 sollicita
1066 567 1213 654 tantum
1240 566 1296 650 est
1321 591 1366 652 ut
1393 567 1527 680 aliquo

280 683 410 770 saltem
430 683 550 767 modo
569 685 792 780 tantundem
807 681 913 766 bono
927 679 1119 764 communi
1129 675 1381 764 conseramus.
1414 681 1460 760 In
1471 680 1525 762 his

281 793 531 878 nuremlocue
554 794 611 878 est
631 788 856 902 amplislimae
869 792 1064 888 libertale
1092 810 1212 900 etque
1234 789 1350 898 etiam
1372 787 1525 895 legibue

281 903 452 1013 pofitivis
471 901 659 1009 ejusmodi
680 904 895 986 libertatem
920 901 1014 984 intra
1039 895 1141 982 fines
1166 897 1404 1007 augustiores
1428 899 1526 982 limi·

281 1013 462 1106 tentibus.
498 1013 584 1122 Ego
608 1012 713 1124 apud
732 1040 793 1096 me
814 1009 1197 1096 hancdtstinttionem
1218 1013 1320 1092 inter
1340 1007 1526 1093 aduene-

281 1118 473 1232 ceffndm,
496 1127 538 1206 δι
560 1120 824 1208 indifferentes
840 1122 1030 1206 illustrare
1048 1119 1241 1229 soleoper
1266 1126 1525 1226 comparatio·

280 1259 369 1316 nem
390 1261 626 1318 corumcum
645 1230 886 1341 praxibusnd
899 1228 1219 1317 construdionem
1236 1227 1524 1338 problematum

279 1344 618 1427 Geometrioorum
629 1340 932 1426 inservientibus.
953 1341 1098 1424 Eurum
1110 1337 1524 1423 enimnonnullaeaded

277 1454 367 1538 sunt
393 1449 606 1535 necessariae
625 1451 770 1546 utnne
779 1451 853 1536 illis
900 1450 1073 1536 toblema
1084 1447 1257 1534 construi
1275 1477 1356 1534 non
1367 1450 1522 1560 potest:

277 1561 318 1643 in
341 1561 518 1667 plurimis
529 1481 1060 1670 auremquaestronidusmuti
1075 1557 1110 1640 se
1122 1553 1296 1642 offerunt
1307 1556 1411 1644 modi
1427 1563 1524 1645 Pro·
1595 1645 1603 1656 ,

278 1669 406 1753 blema
426 1670 562 1753 datum
585 1669 830 1756 construendi
852 1669 926 1754 fine
950 1667 1034 1752 ullo
1046 1667 1085 1748 in
1100 1669 1365 1754 Geometriam
1381 1697 1523 1776 pecca·

276 1800 336 1882 to,
358 1802 403 1864 ut
423 1779 589 1864 liberum
607 1781 650 1866 stt
669 1781 889 1866 Geometrae
911 1805 1014 1862 nunc
1039 1776 1228 1864 hdcssmox
1251 1777 1321 1863 alit
1341 1781 1402 1862 uti
1425 1805 1521 1864 con·
1565 1845 1570 1854 .

276 1887 504 1990 structione,
531 1893 585 1973 ita
613 1915 743 1975 tamen
774 1913 819 1974 ut
847 1885 1025 1980 inomni
1060 1915 1177 1998 qpem
1208 1887 1359 1972 sumere
1393 1888 1523 2016 potest

275 2026 443 2107 praxeos
462 2000 599 2101 modo,
615 2003 741 2086 certis
758 1997 985 2110 quibusdam
1008 1999 1149 2108 regulis
1169 1996 1220 2080 ita
1240 1999 1522 2084 determinetur

276 2131 322 2190 ut
335 2115 375 2194 in
387 2107 474 2194 -fine
486 2109 535 2192 ed
551 2110 712 2196 eandem
732 2109 883 2222 prorsus
929 2107 1119 2194 uaestionis
1139 2103 1364 2194 solutionem
1383 2137 1520 2218 perve-

275 2219 368 2300 niat.
409 2219 570 2302 Prorsus
584 2220 643 2304 uri
658 2219 820 2304 liberum
833 2219 891 2304 est
901 2139 1026 2302 l‘errd
1047 2213 1268 2303 hominibus
1286 2223 1363 2324 jam
1377 2221 1528 2330 repleti·

274 2327 315 2410 in
337 2327 537 2429 coelibrtu,
555 2353 622 2412 aut
643 2330 831 2440 conjugio
854 2325 1208 2438 vitamtransrgere,
1229 2331 1268 2410 in
1280 2349 1454 2442 utroque
1466 2352 1522 2412 ta·

274 2463 363 2522 men
389 2437 489 2524 statu
500 2438 647 2549 legibus
661 2437 881 2549 quibusdam
894 2435 1164 2548 obstringimur
1188 2468 1238 2522 ne
1261 2439 1359 2549 qnid
1384 2465 1519 2542 contra

273 2575 482 2633 commune
500 2547 647 2636 bonum
667 2551 976 2640 committamus
1002 2547 1066 2634 sed
1083 2549 1124 2633 ei
1142 2549 1287 2662 pariter
1309 2549 1520 2662 utrobique

215 2728 220 2734 .
273 2655 505 2742 studeamus.

328 2765 366 2860 i.
382 2769 432 2848 X.
463 2767 620 2852 Interim
642 2789 771 2855 tomen
797 2767 1067 2854 nonaestimavi
1098 2765 1348 2854 neceffitrium
1377 2767 1456 2855 else
1476 2793 1521 2856 ut

271 2871 352 2955 haec
374 2876 504 2958 ornnia
519 2877 568 2962 in
598 2878 745 2987 Legum
760 2880 1017 2964 Naturalium·
1032 2879 1193 2989 sormam
1211 2877 1451 2984 reducerem,
1478 2885 1521 2966 8t

272 2979 342 3065 sub
364 3011 408 3067 en
425 3011 556 3070 coram
573 2989 696 3071 oculis
719 3017 957 3097 exponerem
974 2989 1126 3075 Ledori
1144 2985 1189 3071 ea
1209 2987 1359 3097 'fingula
1371 3019 1467 3101 ,quae
1481 2991 1520 3075 in

273 3096 315 3174 in
325 3094 411 3203 lege
432 3093 707 3206 generalissime
729 3103 924 3186 contineri
946 3097 1195 3184 ostenderim.
1250 3101 1520 3212 Suoquisqne

274 3205 609 3290 Marte-exhibere
632 3207 756 3318 potest
772 3212 895 3320 legem
917 3209 967 3294 de
987 3209 1218 3320 acquirenda
1245 3211 1520 3296 &exercenda

272 3311 502 3422 (perpetuo
523 3319 563 3398 in
578 3319 713 3402 ordine
731 3319 780 3402 ed
795 3319 1114 3428 -prosecutionem
1139 3315 1231 3404 boni
1247 3319 1408 3428 publici)
1421 3345 1519 3428 pru·

271 3422 415 3523 dentia,
426 3423 648 3525 constantin,
662 3427 946 3526 moderatione,
958 3427 1323 3529 benevolentia,&c.
1353 3427 1520 3515 stmodd

271 3533 494 3618 recordetur
517 3561 648 3617 earum
673 3535 835 3619 sormam
864 3535 886 3620 ὲ
912 3539 1167 3644 phaenomenis
1188 3563 1328 3622 netnrae
1349 3539 1520 3623 mnnise·

270 3639 364 3723 stam
381 3643 576 3745 hancelse,
594 3643 656 3726 vel
671 3645 757 3728 huic
780 3643 951 3730 similem.
1006 3647 1147 3732 Voluit
1161 3653 1282 3758 prima
1296 3670 1439 3731 naturae
1455 3678 1518 3732 re-

271 3777 356 3833 rum
370 3755 475 3836 cansa
489 3778 622 3839 notum
635 3756 810 3840 omnibus
821 3755 947 3840 facere
961 3755 1111 3841 necesse
1122 3759 1198 3846 esse
1211 3759 1260 3841 ad
1271 3785 1515 3843 communem

270 3857 518 3964 soelicltntem‚
547 3867 589 3949 8(
604 3863 651 3946 nd
665 3869 852 3974 privatam
866 3863 1093 3974 singulorum
1113 3898 1163 3952 ex
1184 3867 1282 3953 illius
1302 3871 1516 3979 prosecuti·

270 4001 347 4057 one
373 3973 737 4082 unicesperandam
759 3976 1138 4086 finguloscommune
1151 3983 1302 4065 Bonum
1316 4007 1401 4062 cum
1417 3977 1518 4062 Pru·

228 4203 229 4208 x
258 4080 766 4189 .dentia‚'Constantie,&c.
795 4085 999 4201 prosequi:
1030 4087 1091 4170 vel
1114 4089 1200 4176 dard
1229 4089 1397 4281 Legpde
1419 4116 1514 4214 pro·
1609 4088 1612 4105 '

223 4235 227 4243 ·
268 4231 272 4242 ·
771 4237 781 4245 ·
1328 4221 1514 4284 ceutrone
