3400 4566
284 162 356 304 lle
373 155 682 300 degeNatura
710 147 880 296 altisque.
903 149 1173 288 obligatione.
1312 163 1407 288 289

163 333 187 421 it
206 335 368 444 cognita
391 331 609 418 Voluntate
630 326 722 428 Dei,
744 353 863 436 quem
887 351 936 406 ex
960 323 1141 433 operibus
1153 325 1402 416 didiceramus

161 443 240 528 Ens
256 443 333 527 effe
346 439 666 556 perteutffimum,
690 429 1029 532 omniumcausarn,
1051 433 1239 548 cujusque
1258 440 1280 521 i
1303 463 1400 522 nuru

154 557 352 662 nennium,
363 547 679 660 nostriqueaded
696 547 766 652 (de
779 572 856 658 qua
873 545 1093 626 naturaliter
1105 545 1243 630 soli'citi
1256 545 1402 652 sumus)

156 661 335 747 foelicitas
358 683 441 758 tota
463 659 620 772 pendet.
664 657 756 739 Non
772 657 879 746 aliter
892 652 942 735 ab
955 680 1086 738 amore
1103 652 1239 738 nostrae
1261 654 1399 740 inlici·

153 771 247 854 tatis
270 775 391 857 oritur
401 769 608 878 obligatio,
621 766 736 875 qu'am
755 761 871 851 *afide
884 761 1053 848 sensuum
1070 760 1397 848 testimoniisdari

156 883 287 966 oritur
308 883 453 964 vetitas
475 874 774 990 propofirionunr
794 873 845 957 de
857 869 1058 958 existentia
1072 899 1204 958 rerum
1226 873 1396 954 Natura-

150 987 262 1090 lium,
282 997 325 1076 8(
338 987 465 1101 prirnae
488 1014 618 1072 earum
636 985 781 1084 Causa,
796 1005 880 1092 quae
894 981 1037 1066 exinde
1058 983 1219 1068 eruitur.
1263 983 1395 1066 Nemo

150 1120 283 1182 tamen
304 1098 443 1184 dixerit
468 1127 537 1182 nos
557 1095 646 1180 ideo
665 1091 788 1178 sensus
811 1091 960 1178 nostros
977 1091 1219 1196 totimundo,
1244 1089 1394 1201 ipsique

148 1205 248 1296 Deo
273 1207 490 1306 anteferre3
517 1202 826 1322 quandoquidem
839 1204 1009 1316 ipsorum
1021 1193 1256 1286 existedtiam
1268 1200 1391 1288 ultim·

146 1317 538 1430 queomnemaDeo
559 1316 669 1399 velut
693 1311 821 1396 Cauri
844 1311 984 1424 primi,
1009 1317 1051 1399 δι
1073 1311 1096 1396 ὲ
1121 1309 1250 1396 mundi
1270 1307 1390 1420 syste·
1456 1326 1460 1334 '

145 1450 265 1528 mate,
285 1429 392 1510 velut
419 1425 549 1532 Causae
572 1423 641 1532 ipst
653 1421 918 1523 subordinatis,
928 1420 1099 1530 pendere
1117 1422 1283 1507 libenter
1296 1449 1388 1531 pro·

145 1533 317 1622 fitemur.
344 1537 520 1622 Primum
545 1537 601 1618 eit
617 1533 840 1634 inNatura,
867 1531 915 1614 ad
927 1527 1182 1642 quod-ultimd
1194 1532 1234 1614 in
1251 1531 1387 1614 ordine

144 1645 473 1758 hoeretrogrado
494 1649 731 1755 pervenitur.
789 1645 1027 1752 Qanquam
1048 1642 1168 1751 igitur
1198 1641 1262 1726 hic
1283 1641 1385 1725 ordo

144 1788 167 1840 c
223 1751 374 1844 ultionis
391 1755 438 1839 'fit
462 1756 576 1873 plane
594 1751 775 1836 naturalis
799 1745 1125 1852 renitentique,
1154 1762 1198 1835 a'c
1231 1751 1383 1858 insuper

143 1783 302 1953 diurn
321 1867 459 1998 nostri²
471 1861 649 1976 variique
662 1859 853 1972 apperitus
875 1861 928 1942 ita
944 1883 1296 1972 exercenturprout
1310 1859 1382 1943 bo·

104 2066 108 2074 ,
140 2003 281 2062 norum
306 1979 575 2085 malorumque
590 1973 850 2083 cognitionem
865 1968 1121 2080 acquirimus3
1150 1993 1382 2058 nontamen

139 2087 287 2170 exinde
311 2081 569 2198 pronunciare
586 2080 789 2192 licetquid
804 2077 1381 2196 fitautoognitudigniffimum,

137 2217 210 2280 aut
232 2223 309 2304 prae
342 2195 427 2280 aliie
460 2192 571 2278 rebus
610 2190 827 2276 amandum.
870 2187 1027 2276 Verlam'
1047 2189 1378 2302 quemadmodum

135 2301 312 2390 sensuum
326 2333 403 2416 ope
427 2301 611 2414 principia
624 2300 796 2412 qnaedam
809 2299 924 2385 valde
943 2299 1137 2410 generalia
1151 2301 1378 2388 inentibus

135 2411 278 2499 nostrie
299 2413 558 2513 addiscuntur,
569 2438 608 2494 v.
616 2443 659 2522 g.
672 2393 999 2514 Arithmetica‘m
1012 2411 1245 2499 Geometriae
1258 2411 1378 2498 theoss

135 2543 282 2624 temera
304 2519 624 2630 universatiffima,
674 2531 809 2606 uorum
829 2519 869 2602 vi
891 2545 1169 2630 errorer,quos
1184 2519 1373 2632 plurimil

132 2633 299 2718 senfibus
323 2625 422 2718 niele
444 2630 645 2718 intelledis
693 2629 969 2732 auriresolenr,
990 2627 1163 2716 loelicirer
1176 2633 1373 2742 corrigan-

130 2765 229 2832 turt
247 2743 502 2850 ·parirarione
523 2741 546 2826 ὲ
565 2741 747 2824 Naturali
760 2739 895 2826 nostrae
919 2737 1127 2825 foelicitatis
1139 2770 1269 2828 amore
1281 2773 1373 2856 pru·

130 2853 272 2938 denter
291 2849 506 2961 gubernato
528 2851 758 2962 perveniunt
772 2853 866 2935 vere
883 2851 1111 2935 Rationales
1132 2853 1181 2938 ad
1202 2867 1288 2939 'eam
1311 2883 1372 2939 re·

67 2973 71 2979 ’
129 2989 222 3046 rum
246 2961 490 3064 naturalium,
511 2956 700 3072 ipfitisque
725 2959 805 3042 Dei
825 2959 1099 3070 cognitionem,
1124 2963 1254 3050 adens
1275 2961 1372 3049 affe·

129 3075 211 3156 itus
232 3098 324 3184 erga
340 3069 451 3263 ipius
473 3072 674 3170 honorem,
697 3099 744 3154 ac
767 3068 1025 3156 Communem
1045 3073 1213 3155 omniurn
1232 3071 1370 3162 foelici·

127 3203 261 3283 ratem,
286 3180 356 3293 qui
385 3206 428 3262 ua
449 3181 569 3266 omnis
592 3179 921 3290 perversaouwa'ae
943 3196 1012 3262 aut
1024 3203 1263 3292 precaretur
1300 3196 1369 3270 aut

126 3293 363 3402 extirpatur.
411 3289 587 3376 Limitari
613 3290 727 3402 plani:
753 3289 1008 3375 intrabreves
1030 3290 1236 3377 admodum
1257 3246 1365 3397 lines,
1427 3369 1431 3378 ,

122 3403 171 3485 8(
182 3399 302 3484 omnis
314 3399 436 3509 culpae
454 3423 634 3511 expertes
645 3397 730 3484 sunt
741 3397 853 3510 primi
867 3401 1087 3504 Naturales,
1102 3430 1147 3488 ae
1163 3405 1366 3502 necellarii

42 3597 46 3604 ,
120 3513 199 3612 illi,
225 3511 374 3622 quosiu
389 3509 609 3595 homiuibus
623 3509 957 3622 supponimussese
974 3513 1366 3618 conservandibean·

117 3619 250 3733 dique
271 3620 480 3730 appetitus,
503 3643 568 3704 aut
588 3648 724 3716 comm
748 3619 875 3704 saltem
899 3619 1043 3732 aliquis
1069 3621 1133 3708 utl
1155 3642 1286 3708 errore
1298 3649 1364 3708 ca·

117 3725 462 3841 reurfimpticiora
491 3729 657 3816 sensuum
680 3727 1057 3816 nostrorum-indicia
1081 3732 1180 3817 cir'ca
1204 3735 1361 3850 propria

14 3893 16 3896 -
115 3841 290 3951 ipsorum
315 3837 466 3945 objella
479 3837 515 3927 in
535 3840 823 3927 circumstantiis
833 3837 1040 4031 eequifitir.
1080 3839 1153 3926 Hie
1167 3849 1271 3930 enim
1293 3875 1361 3930 ne·

112 3955 223 4060 gatis
242 3949 345 4033 nulla
370 3951 435 4034 vel
453 3951 642 4036 Naturam
667 3947 821 4050 sciendi,
848 3971 898 4033 ve
938 3950 1106 4040 nationes
1133 3953 1279 4036 nostrae
1303 3951 1361 4035 se·

111 4058 287 4146 cundiam
310 4059 459 4172 regulae
479 4061 634 4150 Naturae
655 4057 970 4280 accqmlppdandi
984 4057 1170 4177 speaeilet
1195 4061 1363 4247 reltqqpa
1445 4215 1465 4242 .
1497 4109 1506 4116 .
