3392 4572
674 159 953 297 Conseliaria.
1211 217 1219 240 ·
1283 193 1410 308 ‘4¹7

115 367 121 378 ·
217 329 243 416 li
268 333 384 420 status
407 332 623 416 civitatum
652 332 749 416 inter
773 329 810 413 se
833 330 1054 416 neccssarib'
1070 331 1218 420 hostilis
1243 335 1409 428 effetae

217 441 405 542 bellicus,
433 444 476 524 &
498 445 539 526 in
563 471 614 525 co
637 443 696 524 vis
725 443 767 522 &
800 441 913 525 dolus
949 441 1070 527 ellcnt
1091 450 1256 530 virtutes
1280 453 1404 536 cardi·
1445 473 1450 480 “

214 555 318 636 nalcs
336 576 380 636 ut
400 551 515 634 docet
542 549 903 636 HobbinsLeviatb.
930 573 994 658 13.
1021 556 1168 638 nullum
1185 554 1280 642 cllet
1302 557 1404 646 inter
1536 631 1542 646 .

174 725 187 748 .
213 662 404 746 Civitates
433 661 724 769 commercium,
746 659 851 742 unde
875 660 1046 768 plurimis
1070 691 1202 748 omncs
1224 691 1402 754 carerent

211 771 428 857 commodis
445 766 584 881 quibus
598 795 698 852 nunc
713 767 891 852 fruuntur
906 798 922 867 3
942 771 1048 854 nulla
1061 772 1237 882 Regibus
1254 777 1276 860 ὲ
1293 806 1398 866 com-

211 881 361 964 merciis
384 880 643 964 accrescerent
668 879 890 988 vefiligrlia,
918 879 1102 991 adeoque
1135 911 1271 992 magna
1308 915 1397 997 pars

207 990 426 1074 divitiarum
458 988 601 1101 quibus
624 1015 725 1072 nunc
762 991 992 1072 muniuntur
1021 991 1264 1092 tolleretur5
1292 999 1394 1082 nulla

173 1121 175 1126 ·
205 1099 300 1184 elles
321 1103 557 1208 Legatorum
578 1098 835 1200 incolumitas,
849 1097 970 1182 immb
985 1101 1108 1184 nullus
1126 1129 1267 1188 eorum
1282 1107 1395 1198 usust

203 1209 338 1294 frustra
363 1209 464 1292 enim
486 1204 581 1292 effet
605 1207 702 1291 inire
727 1208 874 1292 foedera
902 1205 1038 1292 ficlrm
1060 1212 1244 1318 quaelibct
1269 1217 1391 1298 inter:-

138 1335 142 1342 ’
200 1321 333 1403 veniat
365 1315 527 1429 sulpicio
560 1316 611 1401 de
640 1317 881 1424 praestntionc
920 1317 1042 1402 statim
1071 1317 1165 1404 fiunt
1193 1324 1389 1427 'invalida,

198 1434 308 1530 juxta
333 1426 502 1511 cevent
540 1451 602 1524 ¹4·
660 1429 753 1510 Haec
786 1425 927 1511 scilicet
960 1425 1043 1511 sunt
1069 1429 1271 1542 privilegia
1298 1463 1387 1545 quae

196 1538 378 1622 munifice
411 1535 582 1646 Regibus
605 1533 722 1622 offert
755 1535 948 1639 Hobbius,
975 1539 1055 1622 haec
1078 1543 1153 1625 Nes
1178 1539 1275 1630 lbra
1296 1569 1388 1655 quae

194 1647 266 1730 illis
284 1649 420 1736 donat.
477 1647 742 1732 Nihilominus
765 1672 927 1753 operam
946 1647 1047 1730 adeb
1079 1645 1244 1732 sedulam
1265 1679 1401 1761 quam·
1476 1728 1478 1734 .

19 1775 22 1780 ’
193 1758 321 1842 videri
346 1756 430 1840 vult
464 1755 703 1864 Principibus
730 1783 875 1837 nnvnre
892 1757 983 1863 ipse
1016 1759 1157 1842 meritb
1179 1757 1389 1869 suspeliam-

192 1865 302 1976 fecit,
320 1864 503 1978 quoniam
529 1867 663 1973 aperte
686 1861 893 1973 profitetur
915 1863 1024 1975 qubd
1054 1866 1201 1950 adulari
1223 1869 1302 1952 aliis
1313 1871 1381 1954 est

190 1977 290 2086 ipsos
310 1977 519 2073 honorare,
543 1973 633 2083 quia
658 1971 866 2082 (scilicet)
890 1971 1032 2084 signum
1057 1973 1112 2057 est
1139 1976 1249 2086 qubd
1280 1979 1384 2064 Prn·.

190 2089 358 2170 rectione
377 2087 440 2167 vel
466 2085 610 2168 auxilio
629 2111 767 2168 corum
790 2083 999 2192 indigemus
1025 2083 1196 2167 Leviath.
1219 2112 1293 2196 cap.
1311 2110 1383 2174 ιο.

189 2195 382 2280 Editionis
406 2194 545 2275 Latinae
560 2220 598 2306 p.
622 2215 692 2298 45.
749 2195 900 2275 Notum
924 2213 1053 2277 autem
1075 2193 1131 2276 est
1154 2197 1262 2304 qubd
1286 2196 1376 2282 falsa
1445 2261 1446 2270 r

188 2309 305 2388 etiarn
326 2331 410 2414 quae
444 2332 522 2389 non
550 2306 742 2387 credimus
777 2303 828 2386 de
863 2304 1047 2414 quopiam
1079 2303 1224 2406 dicere,
1253 2308 1401 2392 modu,

186 2443 324 2524 magna
353 2415 580 2512 videantur,
605 2411 659 2494 est
703 2407 901 2498 ellenriale
939 2411 1165 2495 adulationi.
1225 2415 1399 2500 Meritb

17 2577 22 2588 -
186 2528 280 2633 cr'go
304 2521 535 2632 suspicentur
557 2523 752 2632 Principes
775 2521 977 2655 Hobbium'
995 2543 1102 2649 tunm
1125 2519 1195 2652 illis
1227 2523 1373 2608 tribue·

183 2663 453 2837 illllll
464 2625 1378 2854 qlltilllllzllflfiill⁰ltiilll·

46 2937 51 2950 ,
181 2857 266 2936 illos
290 2857 483 2936 honorare
501 2851 706 2934 adulando.
904 2947 907 2952 Ι

194 3003 197 3014 ·
236 2967 272 3060 i.
287 2965 424 3048 XXlll.
440 2965 479 3043 6.
496 2968 590 3063 Quae
604 2963 654 3044 de
667 2961 825 3042 crimine
840 2959 927 3044 laesae
939 2957 1150 3067 Maiestatis
1161 2962 1201 3042 in
1216 2957 1396 3054 subditis,-=

181 3073 318 3158 docuit
333 3071 564 3179 Hobbius,s1
587 3070 821 3172 conjunllim
845 3097 929 3152 cum
952 3069 1153 3179 praecipuis
1167 3068 1377 3178 illiusopi2
1461 3077 1463 3082 ’

181 3181 362 3267 niooibus
382 3181 547 3296 propriis
568 3177 868 3278 confiderentur‚
895 3178 944 3262 ad
969 3177 1272 3286 perpetrandum
1290 3180 1373 3266 hoc

180 3295 323 3375 crimen
352 3295 625 3391 consumant,
644 3285 826 3398 adeoque
837 3285 885 3368 ad
900 3288 1111 3395 Regiminis
1122 3287 1257 3372 Civilis
1277 3289 1370 3374 sub-.-

179 3403 395 3487 verfionem
422 3405 555 3508 apeme
578 3400 736 3484 faciunt.
794 3399 947 3482 Docuit
969 3403 1070 3481 enim
1097 3429 1130 3480 c.
1154 3399 1274 3500 rus„
1295 3421 1368 3506 21,

180 3533 248 3592 απ.
270 3513 346 3597 hoc
367 3531 565 3621 peccatum
583 3511 700 3618 Legis
715 3508 908 3591 Naturalis
925 3505 1255 3615 transgressionem
1266 3507 1365 3608 elle,

177 3650 257 3703 non
270 3623 422 3707 Civilis.
477 3617 670 3730 Adeoque
692 3618 804 3720 hujus
826 3617 1009 3700 Criminis
1031 3614 1260 3726 reos-puniri
1281 3644 1389 3702 non,
1511 3721 1513 3728 Α

175 3729 262 3836 jure
287 3730 456 3840 Imperii,
478 3727 540 3811 sed
573 3730 661 3832 jure
685 3725 805 3823 bellis
832 3757 912 3812 non
923 3744 966 3808 ut
990 3725 1110 3810 cives
1131 3727 1265 3825 malos,
1294 3725 1361 3810 secl
1501 3761 1504 3768 ¹

176 3865 218 3922 ut
243 3839 368 3924 hostes
391 3841 585 3924 Civitatis.
643 3841 816 3919 Pronum
837 3861 965 3920 autem
980 3834 1034 3918 est
1056 3835 1145 3918 hinc
1160 3837 1367 3945 colligere,-

177 3949 551 4042 ijemtcbellione
574 3947 636 4032 sui
664 3946 893 4140 seplllllere
915 3941 1023 4056 polle
1040 3943 1389 4140 b.llntrr,sub‹g{tis,.

1341 4079 1392 4134 e.:
