3410 4574
250 117 352 246 134-
469 27 483 50 ..
557 83 833 194 perlatura
864 83 1162 214 Hannon&
1200 185 1204 194 ,

225 264 377 352 ‘manua
395 293 441 348 ea
457 261 508 346 de
521 261 629 348 causa
656 263 679 348 ὲ
701 263 742 346 se
754 263 924 346 invicem
935 259 1056 369 longe
1073 255 1192 368 magle
1201 253 1332 344 diduci
1342 249 1523 372 poffints

244 397 310 458 aut
336 377 449 460 etiam
460 370 668 458 retrorsum
678 376 794 474 verti,
810 399 882 458 nee
906 399 985 454 non
998 369 1214 454 retrorsum
1238 368 1340 454 adeo
1364 373 1497 460 incut-

203 575 208 586 ,
245 487 348 590 vari,
367 510 418 571 -ut
436 511 614 598 magnam
636 482 775 566 molem
789 503 856 563 aut
880 477 1034 590 pondus
1045 481 1253 588 complexu
1276 479 1342 565 sno
1362 503 1502 568 tenere

246 623 291 678 ac
317 599 498 680 attollere
514 589 666 704 polltnt.
699 593 788 676 Hoc
812 614 1098 676 autemnaturae
1125 585 1501 702 artificioplanefin·

247 707 387 817 gulari,
402 714 442 794 ὅ(
455 707 552 788 vere
567 703 789 790 mechanico
803 698 862 802 fit,
879 724 922 784 ut
936 729 1068 786 manus
1081 699 1249 785 hominis
1276 731 1355 787 non
1376 702 1500 790 sotum

248 816 564 902 accommodetur
587 813 635 898 ad
661 835 787 896 motus
801 839 846 896 ac
856 815 1109 920 operationes
1131 814 1251 922 longe
1278 811 1421 920 plures,
1437 814 1501 898 sed

248 951 291 1012 ut
305 927 404 1012 vires'
430 921 739 1036 acquiratmultd
767 924 938 1030 majores
961 946 1044 1008 tam-
1063 919 1352 1024 insustinendia,
1366 925 1502 1010 &abs-

250 1037 451 1150 portandis
478 1032 734 1146 ponderibus,
757 1033 876 1144 quam
902 1037 943 1117 in
971 1033 1231 1160 imprimendo
1268 1033 1385 1116 rebus
1417 1038 1502 1120 aliia

250 1151 410 1261 impetu.
471 1143 782 1230 Enimvetocitm
810 1173 924 1228 manu
947 1140 1502 1254 sustinendumest&pottau·

253 1261 345 1344 dum
360 1253 512 1369 pondus
523 1283 661 1365 grave,
684 1253 761 1368 ipsa
788 1283 874 1342 cum
886 1253 1065 1366 pondere
1092 1253 1201 1365 quod
1214 1253 1439 1362 prehendit,
1451 1261 1503 1345 ita

256 1368 304 1454 ad
334 1369 431 1452 latus
453 1367 661 1467 dimittitur
686 1393 756 1474 pet
779 1389 931 1450 morum
954 1364 1205 1450 articulorum
1230 1363 1391 1468 brachii,
1414 1391 1460 1452 ut
1480 1372 1503 1456 fa

255 1473 358 1562 linea
367 1477 590 1584 directionis
601 1477 721 1588 quam
752 1473 1070 1573 minimedistet3
1091 1475 1195 1560 unde
1216 1471 1259 1556 fit
1280 1499 1325 1558 ut
1350 1477 1510 1584 pondua

255 1589 411 1672 minima
428 1587 466 1669 vi
491 1587 654 1670 libretur
680 1586 795 1696 super
825 1607 999 1672 centrum
1011 1587 1216 1692 gravitatis
1234 1588 1502 1698 totiuaaggre·

257 1687 348 1809 gari,
363 1697 475 1810 quod
490 1697 512 1781 ὲ
525 1725 695 1808 corpore
708 1693 839 1782 nostro
860 1701 902 1780 &
926 1695 1101 1808 pondere
1123 1696 1345 1800 sustinendo
1366 1697 1510 1782 consti*
1535 1767 1539 1778 .

257 1809 394 1894 ruitur.
454 1807 598 1916 (Linea
623 1829 752 1890 autern
772 1803 1061 1892 direttiontsest
1088 1810 1188 1892 resta
1210 1807 1275 1890 illa
1299 1835 1386 1916 quae
1411 1810 1504 1894 duci
1530 1826 1534 1832 ’

258 1917 685 2030 concipiaturacentro
697 1917 1096 2030 praedidogravitatis
1109 1915 1158 2000 ad
1171 1939 1343 2001 centrum
1356 1921 1506 2028 terrae.)

260 2031 397 2138 Atque
422 2029 501 2123 hoe
530 2031 664 2140 sponte
676 2026 824 2113 iaciunt-
836 2029 907 2138 qui
927 2027 1111 2138 principia
1124 2025 1418 2139 Centrobaryca
1432 2059 1508 2114 non

260 2140 309 2222 de
338 2137 522 2240 ostdrunt,
537 2139 614 2224 sold
637 2137 875 2246 experientia
900 2135 1019 2238 dotti,
1044 2138 1152 2247 quod
1178 2135 1263 2221 fieri
1282 2165 1361 2222 non
1385 2139 1509 2250 pollet

261 2167 337 2340 nili
349 2250 546 2332 manusita
574 2246 778 2334 commode
792 2247 957 2330 humero
977 2249 1511 2361 &eredocorpotiadapta

263 2382 384 2444 tetur.
435 2355 585 2444 eontra
611 2353 836 2441 auten-cnm
862 2357 1015 2448 dmanu
1042 2355 1170 2443 nostra
1195 2361 1510 2469 impetusincor-

267 2499 340 2584 pus
363 2465 611 2554 leviusculum
622 2465 897 2578 imprimendus
911 2465 967 2550 est
978 2463 1041 2574 (in
1054 2465 1219 2580 lapidem
1230 2500 1268 2550 o.
1277 2504 1315 2581 g.
1347 2475 1512 2581 projici·

265 2580 423 2678 endum,
451 2603 518 2662 aut
533 2582 573 2663 in
584 2581 778 2678 malleum,
794 2575 951 2662 alitidve
961 2578 1276 2688 instrumentum)
1301 2582 1511 2668 dcommo*

265 2687 410 2773 diffima
434 2687 506 2770 hac
518 2688 649 2772 mantis
664 2687 811 2774 fabrica
825 2687 870 2772 lit
888 2710 933 2770 ut
945 2688 1128 2771 discamus
1140 2717 1225 2774 eam
1237 2695 1417 2782 elevaret
1442 2721 1510 2776 un·

265 2797 318 2880 de
339 2803 430 2910 quia
449 2795 632 2907 longiirsd
658 2821 796 2882 centro
817 2797 868 2897 sui
892 2795 1019 2880 monis
1038 2797 1172 2910 distat,
1195 2801 1359 2890 celeriits
1378 2832 1517 2888 move·

189 2941 192 2950 ¹
266 2905 838 3019 turmajdtq3visimprimitur.
895 2911 1231 3010 Quemadmodum
1244 2913 1415 2999 infunda
1428 2913 1514 2998 loo·

269 3021 395 3150 glore,
422 3041 583 3129 propter
608 3018 822 3104 distantiam
836 3020 1513 3127 majoraninontssnicentro,ma·

269 3149 341 3246 ror.
354 3132 411 3214 vis
423 3128 549 3240 lapidi
563 3129 805 3239 projiciendo
817 3129 985 3238 (caeteris
998 3133 1176 3243 paribus)
1197 3137 1529 3222 communicatur..

273 3241 463 3342 Centrum
490 3263 620 3324 autem
642 3237 802 3340 monita
826 3270 908 3352 quo
932 3241 1063 3326 manus
1078 3243 1514 3358 distantia„vititimque

186 3455 188 3460 Α
272 3349 374 3436 adeo
396 3353 676 3438 incrementum
692 3373 961 3462 computatur,
982 3383 1061 3455 non
1072 3351 1221 3464 semper
1244 3355 1351 3438 estin
1372 3362 1533 3442 arrico--

272 3459 422 3551 latione
435 3459 582 3544 brachii
601 3487 688 3544 cum
712 3454 866 3572 scapula
888 3457 1018 3568 (uode
1040 3485 1171 3550 tamen
1193 3466 1357 3552 hominis
1382 3468 1512 3552 idibus

273 3572 337 3652 vir
350 3571 528 3682 quaedam
549 3569 758 3672 accideren
779 3573 842 3655 cui
892 3575 1097 3662 arnullain
1120 3577 1203 3662 aliis
1213 3577 1441 3663 animalibus
1454 3609 1513 3662 re·

275 3683 470 3792 peritum)
497 3679 563 3770 sed
582 3600 949 3788 multia-incafidua,
972 3681 1064 3769 ciam
1073 3715 1212 3796 nempe
1241 3711 1539 3797 totumcorpuass

276 3811 397 3900 atque
422 3791 516 3880 ideo
525 3789 702 3876 humerus
723 3793 900 3880 uni-cum
910 3793 1070 3879 brachio
1082 3800 1123 3882 in
1134 3795 1310 3882 feriendo
1322 3825 1517 3902 movetur,

275 3901 566 3986 centrum-illud
591 3899 647 3986 est
671 3903 715 4004 in
739 3903 839 4014 pede
854 3905 1385 4008 cuiinfiliimus‚8tdistantia
1400 3915 1423 4000 ὲ
1438 3941 1535 3999 ma·-

277 4009 737 4132 ut,‚elevataad..gedem
758 4016 1019 4137 computanda
1037 4015 1094 4104 est
1115 4039 1170 4104 ut.
1197 4023 1438 4130 intelligatur
1459 4026 1538 4106 in·-

697 4177 698 4180 ¹
1280 4159 1517 4223 crementum

1401 4455 1687 4564 ³.ss
