3392 4572
699 489 970 666 'cucur
1013 569 1087 670 ur.

636 873 641 883 ·
690 825 693 834 ’
775 845 1050 984 Constantia.

303 1215 340 1314 4.
357 1212 387 1295 1.
499 1201 654 1291 Eduuis
675 1196 829 1284 tandem
854 1197 876 1280 ὲ
900 1197 1051 1286 Natura
1077 1199 1274 1310 praeceptis
1299 1196 1398 1284 circa
1417 1225 1545 1286 moret

257 1325 263 1336 '
393 1215 499 1426 D
524 1305 818 1426 generaliffimis,
847 1311 889 1390 8(
912 1311 1119 1396 virtutibus
1147 1308 1363 1392 Moralibus
1385 1311 1476 1394 inde
1502 1309 1547 1392 fi-

303 1429 461 1540 gillatim
477 1421 687 1529 explicatis,
711 1413 832 1502 visum
846 1415 901 1528 est
913 1421 1042 1528 paucis
1059 1419 1228 1502 indicare
1247 1419 1454 1527 quomodo
1464 1419 1544 1504 haec

304 1567 389 1648 quae
415 1532 548 1628 tradidi
573 1551 761 1645 praecepta
778 1528 969 1636 generalia
992 1529 1040 1612 ad
1062 1529 1133 1611 alia
1157 1525 1275 1637 magis
1297 1527 1475 1628 limitata,
1505 1533 1545 1612 δι

304 1643 429 1750 vulg&
458 1670 524 1748 ma
550 1641 740 1724 inusitata
767 1663 836 1719 nos
866 1636 1086 1721 deducant:
1116 1637 1208 1720 hinc
1237 1637 1335 1719 enim
1360 1639 1548 1744 probabi·

304 1779 365 1840 tut
388 1753 502 1838 etiam
525 1672 697 1861 {pedalia
713 1745 778 1828 illa
802 1743 935 1831 iDeo
948 1776 1017 1856 per
1037 1745 1138 1856 figna
1149 1746 1329 1830 naturalia
1353 1745 1550 1830 inentibus

308 1867 483 1948 humanis
508 1859 611 1942 fimul
626 1855 803 1966 imprimi,
827 1861 951 1965 etque
965 1857 1097 1941 iisdem
1111 1855 1459 1964 praemiis&poenis
1469 1855 1551 1940 san·

309 1977 406 2062 ciri:
436 1972 512 2054 hoc
533 1994 658 2054 autem
680 1961 928 2050 ostendemus
949 1964 1223 2050 confiderando
1237 1965 1407 2050 breviter
1420 1965 1551 2049 Deca-

309 2087 442 2192 logum
462 2083 504 2162 &
523 2079 624 2188 leges
638 2077 799 2158 Civiles.

365 2189 587 2298 Deculogus
602 2192 642 2270 in
653 2183 745 2270 duas
756 2182 852 2267 solet
862 2181 986 2268 dividi
1003 2183 1325 2294 rabulas,quarum
1339 2191 1448 2296 prior
1462 2214 1552 2296 ptae·

309 2326 426 2496 ’cestpta
441 2297 614 2487 continelp
629 2295 690 2485 dei
700 2289 1118 2486 mfflrinffhgssfrga
1134 2295 1291 2487 Deutlu,t
1301 2295 1494 2485 pogetior
1504 2300 1553 2428 rie

309 2433 748 2625 gpffifprpffiningffig
804 2431 1554 2640 Magisgstumappteffpqfi’upraengpgteuffi

277 2677 279 2680 ·
311 2630 419 2825 fluod
435 2627 457 2710 ὲ
476 2627 626 2709 Natura
642 2621 827 2706 hausimus
839 2623 888 2706 de
902 2623 1177 2708 Benevolentia
1189 2625 1408 2727 universali,
1426 2625 1492 2709 seu
1505 2625 1555 2710 de

348 2737 439 2823 udio
459 2739 554 2819 Boni
584 2736 812 2818 Communis
831 2755 1020 2842 quatenus
1036 2733 1166 2816 Deum
1187 2731 1346 2840 respicit
1368 2737 1557 2844 utsystess

16 2859 17 2902 ³
162 2945 165 2952 Δ
309 2835 426 2932 'matis
455 2843 718 2927 intellectualis
742 2864 872 2948 caput,
903 2845 944 2924 8<
971 2841 1144 2927 homines
1170 2844 1280 2926 velut
1301 2845 1338 2924 ci
1363 2843 1556 2946 subditos,

315 2959 395 3042 haec
415 2954 498 3038 duo
518 2957 557 3038 in
580 2953 620 3038 se
642 2951 859 3060 complecti.
904 2952 1031 3035 Prima
1058 2975 1184 3036 autern
1210 2953 1341 3036 tabula
1365 2955 1558 3061 speciatim

317 3066 540 3152 continetur
554 3064 591 3146 in
612 3091 658 3146 ea
680 3081 790 3171 parte
804 3061 918 3168 Legis
930 3059 1090 3166 justitie
1100 3061 1325 3145 universalis
1341 3067 1419 3174 qui
1431 3066 1561 3154 osten·

316 3178 438 3260 dimus
451 3171 599 3278 doceri,
613 3169 778 3254 Neccffe
788 3167 864 3251 effe
874 3169 922 3252 ad
939 3168 1084 3256 bonurn
1097 3196 1302 3255 commune
1331 3174 1563 3285 atqueadeb

318 3287 367 3372 td
390 3281 553 3368 nostram
569 3279 795 3389 fingulotunt
809 3278 1044 3364 soelicitatem
1056 3281 1150 3366 inde
1162 3279 1282 3364 solum
1301 3233 1564 3384 fundendam,

312 3415 362 3479 ut
378 3397 472 3477 Deo
494 3391 683 3474 tribuetur
696 3389 803 3502 quod
826 3389 932 3470 suum
950 3387 1007 3489 fit,
1034 3419 1172 3500 nempe
1184 3393 1315 3474 omnia
1330 3422 1413 3504 quae
1428 3399 1565 3482 neces·

316 3507 414 3590 saria
440 3505 522 3590 sunt
549 3521 591 3584 ut
607 3497 721 3608 ipfius
743 3497 865 3582 honos
880 3493 994 3606 super
1018 3527 1151 3586 omnes
1168 3521 1353 3610 quantum
1366 3502 1566 3614 possumus

320 3618 500 3697 emineat.
541 3609 692 3693 Scilicet
716 3631 761 3692 ut
779 3605 1008 3716 agnoscatur
1021 3611 1190 3694 omnium
1201 3615 1566 3700 maximeintercffe

214 3731 220 3740 '
320 3743 362 3804 ut
380 3722 464 3828 ipse
479 3717 711 3805 Dominium
725 3717 864 3829 habeat
875 3717 914 3802 iu
928 3722 1256 3805 omnes&omnia
1269 3721 1308 3802 su
1338 3723 1566 3808 ereminens.

320 3829 559 3914 Exercitium
569 3827 651 3910 talis
665 3827 1086 3938 Dominiipcrcipimus
1102 3859 1152 3914 eo
1163 3753 1362 3940 ipsoqugd
1376 3833 1443 3916 vest
1454 3835 1566 3916 causa

320 3939 493 4026 omnium
508 3939 629 4047 prima
653 3939 845 4025 liberrima
860 3945 900 4024 8<
927 3937 1077 4050 prorsus
1091 3937 1364 4050 independens.
1406 3940 1475 4051 Jus
1495 3973 1565 4028 tu·

322 4072 399 4136 tem
413 4048 479 4135 seu
502 4041 756 4137 neceffiutem
766 4051 852 4132 talis
873 4053 914 4134 in
928 4077 980 4136 eo
995 4048 1183 4152 Dominii,
1211 4049 1248 4136 in
1263 4051 1401 4142 ordine
1422 4053 1474 4148 ad
1487 4057 1564 4138 Bo·

1475 4189 1564 4250 num
