3392 4572
675 181 952 315 Constllatia.
1025 273 1029 286 .
1373 221 1464 322 399
1517 195 1520 202 ’

213 344 436 449 Hobbiana,
456 345 534 459 qul
554 345 681 434 alletit
692 377 782 434 eum
795 350 862 462 qui
875 351 915 433 in
934 355 1156 467 juramento
1169 349 1308 438 divinae
1324 383 1463 440 renun-

172 473 176 479 “
208 461 287 541 ciat
310 459 573 542 misericordiae
591 457 657 541 nist
682 459 900 568 praestiterit
924 456 1151 570 promissum,
1177 465 1462 575 nonobligate

205 569 246 652 se
272 570 321 652 ad
342 597 512 676 poenam,
542 571 631 682 quia
661 571 812 682 semper
837 572 985 654 licitum
1002 568 1056 651 est
1079 599 1231 680 poenam
1259 599 1465 687 utcunque.

204 701 463 896 llllsssslll
486 676 1456 898 bllglltllllllllltllllllnll

453 841 468 887 ,
855 855 858 866 ,
1115 879 1119 888 Ι
1440 843 1456 858 .

205 921 318 980 antur
335 925 503 1005 poenam,
525 925 608 983 tum
623 903 738 982 etiam
756 901 901 982 adeam
917 901 1110 993 serendam
1131 905 1326 1012 patienter
1339 903 1453 988 etiam

202 1006 258 1090 illi
272 1010 414 1117 quibus
430 1011 518 1092 licet
530 1039 682 1121 poenam
697 1012 957 1094 commetitam
980 1011 1191 1118 deprecari.
1235 1014 1306 1096 His
1327 1013 1454 1122 probb

201 1116 374 1226 expeofis
393 1124 582 1230 cogitent,
608 1150 694 1218 oro,
710 1121 891 1208 Leuores
901 1121 997 1230 quid
1009 1120 1166 1232 reliquit
1188 1120 1451 1208 Hobbiussta-

201 1227 278 1310 bile
302 1229 340 1310 in
363 1229 556 1316 Societate
571 1231 704 1330 Civili,
734 1233 803 1339 qui
830 1234 970 1314 nullam
988 1228 1271 1340 obligationem
1298 1237 1319 1320 ὲ
1344 1240 1451 1341 jura·

200 1339 336 1420 mentis
359 1340 612 1450 supervenire
634 1341 848 1424 contendit.
905 1341 1099 1424 Falluntur
1124 1345 1268 1452 Reges,
1291 1344 1450 1428 stullra·

200 1473 358 1558 neaeque
380 1451 466 1535 sunt
488 1479 624 1536 eorum
636 1450 761 1558 Leges
802 1448 912 1534 uibus
926 1453 1195 1560 impetaturut
1210 1482 1346 1536 eorum
1362 1453 1449 1538 sub·
1530 1478 1538 1492 ¹

198 1558 273 1642 diti
294 1561 551 1665 juramentum
575 1559 750 1670 praellent
773 1477 980 1649 {delicatis
1004 1561 1008 1567 ’
1034 1563 1062 1640 F
1066 1561 1189 1646 tustra
1225 1567 1354 1669 jurant
1379 1565 1449 1674 qui

197 1667 323 1752 illisio
338 1669 611 1756 secretioribus
624 1673 836 1754 inserviunt
850 1669 1024 1770 consiliis,
1039 1697 1106 1756 aut
1116 1676 1187 1783 qui
1209 1674 1253 1756 iis
1268 1673 1452 1780 proxime

195 1779 413 1864 ministrant
432 1783 468 1864 in
489 1779 604 1864 rebus
615 1780 849 1890 domesticis,
871 1805 936 1864 aur
955 1787 1093 1864 armati
1107 1783 1241 1892 quibus
1257 1783 1446 1890 stipantur

117 1957 124 1968 .
194 1889 390 1972 satellites.
445 1891 673 1976 Nullatenus
698 1890 788 1974 inde
822 1890 942 2000 magls
977 1889 1201 1999 obligantur
1227 1896 1267 1976 in
1293 1893 1447 1996 judiciis

194 1996 373 2106 publicis,
393 2021 458 2082 aut
485 1999 631 2102 Testes,
653 1997 902 2107 autJudices.
950 2001 1048 2082 Levi
1068 2003 1213 2085 scilicet
1234 2001 1444 2086 ratiocinio
1511 2015 1514 2022 '

194 2135 328 2192 omnes
340 2105 394 2190 ab
403 2109 638 2217 obligatione
649 2111 720 2193 hac
735 2109 898 2194 absolvit
912 2108 1104 2214 Hobbius,
1120 2111 1331 2222 eidemque
1345 2138 1443 2224 ope÷

182 2219 239 2304 ,rt
253 2219 447 2326 Regimen
462 2221 595 2324 Civile
608 2219 776 2307 sustulit..
1027 2311 1031 2318 ,

246 2331 286 2428 l.
307 2331 433 2416 XVll.
457 2355 498 2427 4.
518 2335 710 2416 Doctrina
731 2330 939 2420 Hobbiona
965 2331 1028 2417 de·
1042 2329 1440 2441 OriginePotestatis

193 2437 331 2523 Civilis
347 2442 533 2552 principia
544 2443 718 2552 quaedam
731 2445 906 2527 continet
926 2444 1012 2550 ejus
1023 2442 1219 2528 stabilitati
1242 2443 1356 2554 plane
1376 2469 1439 2524 re·⁸

188 2555 414 2658 pugnantia.
466 2553 572 2659 Ejus
601 2576 731 2636 autem
754 2555 870 2662 origo
893 2553 931 2636 in
966 2555 1145 2659 civitate,
1170 2579 1288 2662 quam
1320 2571 1439 2632 vocat

188 2659 452 2760 Institutivam,
471 2663 548 2747 haec
561 2661 630 2748 est.
668 2660 923 2748 Transierunt
949 2662 1059 2746 multi
1087 2682 1246 2772 propter
1260 2683 1438 2744 mutuum

187 2791 329 2854 metum
341 2775 427 2876 jura
439 2771 501 2857 sua
515 2773 641 2857 omnia
653 2771 691 2854 in
703 2797 817 2856 unam
828 2777 1027 2881 personam
1043 2772 1204 2856 Civilem
1218 2769 1437 2880 (hominem
1597 2773 1605 2804 ‘

186 2876 329 2964 scilicet
353 2880 575 2990 singularem
592 2907 658 2967 aut
671 2882 926 2992 Concilium)
946 2909 1016 2994 per
1037 2885 1190 2993 palium
1214 2879 1435 2990 hujusmodi

186 3017 278 3072 cum
311 2988 460 3100 lingulis
484 2993 728 3078 concivibus
751 2993 887 3077 suturis
912 2993 1065 3078 sallum·
1126 2993 1213 3100 Ego
1246 2989 1457 3074 transfero-

185 3123 313 3184 meuur
329 3107 387 3205 jus
410 3104 450 3186 in
465 3104 563 3186 hanc
591 3105 800 3212 personam
823 3103 871 3187 el
886 3103 1115 3188 conditione
1140 3098 1165 3181 fi
1192 3123 1233 3184 tu
1248 3122 1358 3182 tuum
1370 3103 1432 3210 jus

185 3211 392 3297 transferas
406 3214 444 3296 in
458 3213 635 3310 eandem,
648 3241 725 3326 cap.
750 3217 790 3300 6.
805 3211 897 3323 fell.
917 3235 986 3302 20.
1016 3208 1249 3300 &similiter
1261 3207 1429 3292 Leoiatln

185 3352 217 3404 c·
234 3342 296 3427 17.
341 3323 431 3406 Hoc
451 3323 655 3434 postquam
677 3325 825 3435 accepit
848 3321 1072 3432 personalia
1088 3322 1291 3430 imperium
1313 3320 1431 3403 desti·

184 3453 289 3534 nata,
323 3431 420 3517 faur
439 3435 498 3520 est
513 3433 676 3516 Civitas.
717 3437 885 3544 Reliqua
909 3433 991 3518 duo
1024 3459 1166 3540 genera
1194 3431 1451 3536 Civitatum„

184 3543 440 3650 Despoticum
463 3571 601 3654 nempe
631 3544 742 3654 quod
769 3543 825 3628 est
847 3545 1055 3652 Imperium
1075 3540 1232 3624 vilioris
1247 3544 1288 3623 in
1308 3537 1429 3622 vinos

182 3653 352 3738 servatos
372 3657 442 3766 qui
462 3655 562 3766 serui
584 3653 778 3753 dicuntur,
803 3661 845 3740 ὃ(
871 3653 1076 3736 Paternum
1093 3650 1202 3761 quod
1229 3649 1285 3734 est
1316 3650 1357 3731 io
1381 3645 1427 3730 li·

83 3857 84 3860 g
181 3759 297 3846 beros
317 3761 506 3876 susceptos
530 3769 570 3848 ὃ(
591 3763 793 3862 educatos,
815 3763 1034 3872 adebqueb
1061 3785 1188 3845 morte
1210 3788 1327 3872 quam
1350 3761 1425 3844 Pae

40 3881 47 3903 ¹
180 3899 271 3957 rens
288 3875 433 3959 inferre
458 3877 587 3986 potuit
609 3873 792 3975 servatos,
819 3901 877 3956 ex·
890 3873 1022 3958 iisdem
1037 3870 1154 3982 pallis
1174 3867 1352 3954 constitui
1368 3869 1425 3953 in·

180 3981 288 4084 ouit3
317 4013 396 4068 nou
419 3987 570 4094 quidem
595 3981 790 4093 expreffis‚
819 3981 880 4066 sed
906 3982 1100 4090 implicitis
1131 3983 1172 4062 δι
1196 3979 1424 4076 intellelliss

179 4095 360 4214 quoniam
370 4095 492 4182 Ratio
504 4095 649 4183 scilicet
661 4097 778 4184 docet
789 4095 965 4183 Villores
979 4088 1239 4204 patentesque
1251 4117 1332 4174 non
1343 4087 1446 4280 algis·

1296 4224 1370 4283 con
1400 4225 1449 4280 r·.-
