3410 4574
326 197 386 294 De
402 193 513 326 Lege
527 187 712 292 Natura
731 191 895 326 ejusque
911 169 1176 329 obligatione:
1287 209 1290 216 ’
1323 227 1432 329 ι-99·

172 383 260 470 suot
286 377 615 473 concurrentium,
644 373 711 454 vel
741 370 976 457 obstantium
1008 378 1167 477 notitidr
1197 380 1303 484 cujus
1328 407 1414 486 pars

169 488 361 602 praecipua
387 485 443 569 est
470 484 666 567 hominum
691 480 930 591 singularium
955 485 1181 598 quibuscum
1209 487 1413 598 agendum,

172 623 236 684 aut
259 621 396 681 contra
420 622 534 706 quoe,
553 593 720 677 intimior
746 593 923 701 cognitio
943 617 1021 675 tam
1040 597 1171 706 quoad
1201 597 1417 684 rnteueuus

168 713 290 810 uites,
312 713 353 790 ὃ(
374 706 556 814 principia
569 703 746 813 cujusque
760 705 943 813 pradum,
956 706 1072 816 quim
1086 703 1287 790 affesiuum
1301 733 1419 818 pecu-

169 824 286 907 liares
302 817 447 926 cuique
462 811 748 924 propeofiones,
773 841 845 894 nec
861 843 938 896 non
951 815 1082 926 quoad
1095 819 1317 918 amicorum,
1343 815 1419 900 ser-

170 957 333 1028 vorum,
347 926 480 1036 reique
500 921 704 1026 familiaris,
715 918 952 1036 subsidia'que
962 925 1110 1040 ‚quibus
1132 929 1294 1042 quisque
1308 927 1420 1037 (sutr-

172 1041 265 1126 dard
279 1041 355 1146 jam
371 1033 526 1144 politos)
538 1039 678 1118 uritur.

231 1147 366 1249 §.Vis
398 1148 547 1228 Summa
573 1146 626 1225 rei
646 1143 721 1227 huc
740 1142 868 1243 redit,
896 1140 1240 1232 confiderationem
1268 1145 1422 1249 uirium,

170 1254 442 1366 ediontimque
464 1253 687 1355 nostrarum,
707 1275 752 1334 ut
776 1248 987 1356 causatum,
1000 1253 1164 1366 finisque
1182 1255 1358 1368 expetiti,
1376 1278 1422 1340 ut

173 1359 834 1464 effeddt,commodiffimamvideri
853 1364 1076 1448 methodum
1122 1369 1320 1450 enerasem
1333 1395 1420 1450 mo·

176 1507 263 1566 mm
275 1477 421 1586 regulas
435 1475 473 1558 in
495 1495 636 1558 natutae
667 1471 931 1582 phaenomena,
944 1475 1011 1558 seu
1025 1474 1078 1557 ob
1093 1499 1225 1559 ervata
1240 1475 1418 1570 soeliciter

174 1587 425 1675 resolvendis
453 1593 523 1694 qui
539 1587 754 1696 praecipuus
772 1581 855 1666 esse
873 1583 993 1667 debet
1006 1585 1141 1700 scopus
1154 1581 1354 1672 scribentis
1370 1584 1421 1669 de

131 1725 139 1764 ³
172 1701 262 1809 sege
278 1697 456 1796 Naturae,
478 1717 523 1778 ut
537 1700 578 1779 8<
602 1696 767 1779 viventis
780 1693 828 1776 ad
852 1717 994 1778 naturae
1017 1723 1203 1782 normam.
1255 1697 1421 1781 Scientia

173 1814 278 1894 euim
299 1807 485 1892 naturalis
498 1805 673 1910 judicare
693 1802 864 1904 docebit,
883 1804 984 1886 datis
996 1806 1227 1914 affionihm,
1258 1809 1323 1890 seu
1337 1833 1422 1888 mo·

174 1919 278 2006 tibur
296 1910 499 2028 impreffis,
528 1921 570 1998 ὃ(
597 1913 756 2017 objedro
782 1916 825 1993 in
847 1913 955 2022 quod
982 1916 1108 2022 agitur
1135 1915 1263 2024 (quod
1283 1915 1339 2010 est
1362 1914 1424 1996 hic

172 2029 298 2116 bomo
323 2024 605 2112 velhominum
626 2020 876 2128 multitudo)
897 2049 946 2102 an
964 2019 1143 2156 sequetur
1167 2024 1312 2130 objecti
1333 2051 1424 2114 con·

174 2139 347 2226 servatio
369 2163 414 2218 ac
426 2129 628 2242 perfectio,
647 2158 729 2242 quae
741 2130 887 2216 bonum
906 2159 922 2229 3
952 2131 1109 2216 anuerb
1130 2133 1214 2242 ejus
1226 2133 1427 2244 corruptio

175 2249 305 2360 aliqua
324 2240 695 2352 &diminutio‚·quae
708 2241 1036 2327 masumdicitut?
1060 2242 1296 2356 'Hocitaque
1310 2243 1425 2353 passo
1508 2249 1512 2256 ’

175 2364 219 2446 in
242 2354 439 2440 confilium
456 2379 501 2435 ac
518 2353 835 2436 deliberationem
851 2373 1023 2438 vvocatur
1043 2351 1082 2434 id
1097 2381 1213 2437 omne
1234 2355 1340 2465 quod
1355 2355 1426 2438 sci·

176 2495 278 2567 mue,
292 2463 376 2548 sru'e
401 2463 452 2548 de
473 2485 606 2546 natura
628 2461 1014 2561 viriumnostrarum,
1030 2463 1308 2572 causarumque
1332 2463 1424 2564 alia·

176 2605 280 2678 rum,
305 2601 387 2684 quae
410 2571 607 2656 nobiscum
621 2594 869 2678 concurrunt,
888 2569 964 2652 five
981 2572 1095 2654 ctiam
1117 2572 1167 2654 de
1187 2595 1320 2654 natura
1340 2570 1425 2656 illo·

179 2715 268 2775 rum
288 2684 389 2768 circa
414 2711 516 2796 quos
539 2685 663 2769 sumus
686 2685 901 2791 operaturi,
928 2703 1033 2764 uter
1056 2681 1113 2764 his
1126 2682 1248 2794 qualis
1269 2674 1427 2768 effertus

179 2799 439 2906 consequetur
467 2791 750 2902 praevideamus.
783 2789 1193 2876 Confideratisautem
1215 2795 1257 2894 dt
1281 2785 1427 2877 interse

180 2905 334 2997 collatis
355 2903 468 2988 variis
488 2901 685 2987 effesiibus
704 2905 774 3011 qui
794 2902 915 2983 varias
924 2903 1087 2988 actiones
1099 2905 1139 2985 io
1155 2901 1285 2988 nostra
1308 2926 1424 3014 pote·

181 3021 282 3106 state
308 3012 447 3118 pofitaa
468 3011 685 3123 sequentur,
698 3014 764 3094 illa
782 3008 961 3096 duosatir
989 3011 1202 3096 curabimus
1229 3011 1300 3120 (1)
1316 3035 1360 3096 ut
1380 3009 1426 3092 fi-

166 3127 274 3216 lnem
297 3124 399 3233 (seu
417 3119 625 3230 effectum)
648 3119 794 3232 semper
816 3119 1087 3231 aggrediamur
1111 3117 1358 3233 poffibilem,
1384 3129 1427 3210 8<

186 3266 326 3326 eorum
341 3263 442 3346 quos
464 3231 655 3343 possumus
668 3229 812 3342 assequi
822 3231 1038 3338 optimumr
1061 3231 1326 3340 (2)utmedia
1340 3226 1429 3340 (seu

187 3345 333 3453 causas)
356 3373 496 3455 nempe
512 3343 676 3426 adiiotres
702 3339 963 3442 adhibeamus,
988 3365 1071 3451 quae
1095 3335 1248 3425 effertur
1271 3338 1434 3453 praeviso
1566 3417 1571 3432 ,

159 3465 165 3478 “
189 3452 652 3570 adaequateconveniuot.
680 3455 723 3534 ln
741 3449 815 3533 illis
829 3464 958 3534 autem
969 3449 1116 3535 duobus
1129 3455 1247 3540 totius
1262 3452 1429 3564 pruden-

190 3569 249 3655 t‘oe
278 3562 637 3650 Montisucivilis
650 3560 789 3644 summa
799 3557 979 3646 consistit.
1020 3562 1311 3645 Didaraautem
1336 3585 1429 3667 pru·

189 3677 329 3763 dentie
353 3673 518 3760 actiones
532 3672 722 3755 humanas
742 3671 870 3752 ubivis
883 3670 1051 3779 gentium
1074 3669 1121 3750 ad
1145 3671 1289 3757 bonum
1304 3669 1432 3781 publi·

190 3817 279 3875 cum
302 3781 529 3894 (commune
547 3781 786 3866 rationalium
805 3777 1003 3884 omnium)
1027 3777 1242 3864 hominibus
1255 3779 1433 3890 possibile

191 3895 395 4010 dirigentia
406 3896 491 3978 sunt
503 3889 682 4000 ipsrffimae
694 3892 798 3996 leges
808 3910 964 3971 naturae.
983 3887 1035 3972 Et
1048 3887 1074 3972 st
1086 3889 1295 3986 intellesitis
1309 3880 1433 3994 cujus·

193 4004 428 4094 vishomiois
440 4001 622 4088 assensum
641 4002 864 4106 impetrent,
877 3993 1147 4108 adcdqueasiu
1159 4003 1242 4107 ejus
1256 4001 1434 4083 volunta·

194 4143 275 4208 tem
298 4113 610 4205 determinentur
634 4111 749 4216 juxta
772 4133 905 4193 eorum
919 4127 1096 4198 tenorem
1110 4131 1211 4214 agat,
1238 4115 1280 4192 δι
1303 4109 1342 4184 in
1355 4128 1434 4226 me-

1311 4235 1395 4287 tuor
1400 4235 1435 4288 12
