3400 4566
17 233 23 350 Ι

177 119 178 122 ¹
314 65 378 182 De
392 30 502 221 Lege
518 79 702 184 Nature
731 76 898 221 rjtlsqit
925 73 1192 216 obligatione.
1332 117 1451 217 303·

241 250 315 338 ch
336 255 482 342 tantiam
497 259 624 364 placet
636 255 819 360 adjicere,
835 252 958 360 ipsum
974 251 1190 358 Hobbium,
1203 284 1421 368 quanquam

176 359 251 444 ubi
273 367 355 474 agit
376 367 427 450 de
452 365 652 448 securitate
674 363 849 474 requifiti
875 361 922 442 ad
948 359 1229 449 observantiam
1257 366 1420 476 Legibus

182 467 340 556 Naturae
373 473 632 582 praestandam,
657 495 759 557 totus
787 469 927 553 insiliat
954 471 995 552 in
1024 469 1259 558 securitatem
1281 475 1330 556 ab
1362 479 1419 562 in·

176 577 329 664 vasione
349 587 513 669 aliorum
536 581 745 684 hominum,
766 587 806 667 8<
836 579 1044 664 contendat
1068 584 1158 693 quia
1180 613 1225 666 ea
1249 612 1327 666 non
1352 586 1418 667 da·

168 709 253 790 tur,
274 691 363 777 ideo
377 695 564 778 neminem
581 695 702 778 teneti
727 692 773 774 ad
784 691 951 775 adiones
965 714 1143 776 externas
1157 691 1330 800 Justitiae,
1354 691 1416 778 sed

170 795 596 908 haberejusadomnia,
609 806 649 886 &
662 803 723 908 jus
744 801 833 883 belli
849 799 889 882 in
903 827 1034 885 omues
1049 827 1122 912 cap.
1141 829 1179 906 5.
1192 807 1229 902 b.
1252 829 1287 884 1.
1320 803 1412 889 alibi

171 930 300 994 tamen
324 915 432 996 velut
454 913 508 998 sui
537 913 700 996 oblitum
724 911 903 996 nonnulla
929 913 1151 1018 agnoscere,
1179 914 1270 996 licet
1294 915 1411 1023 parce

167 1019 391 1123 admodum,
424 1048 507 1134 quae
542 1021 711 1104 indicant
739 1048 825 1103 eum
854 1019 991 1102 videre
1015 1019 1287 1130 obligationem
1324 1021 1408 1104 dari

165 1125 406 1217 sufficientem
436 1134 483 1216 ad
507 1153 704 1216 externam
720 1135 834 1212 ctiam
861 1127 1172 1216 consormitatem
1193 1161 1278 1218 cum
1300 1131 1408 1240 Lege

166 1235 338 1341 Naturae,
368 1271 417 1324 ne
429 1241 466 1324 in
485 1243 559 1322 alia
583 1243 792 1324 incidamus
806 1239 901 1320 mala
921 1263 1057 1346 praeter
1071 1271 1116 1324 ea
1131 1268 1215 1378 quae
1228 1243 1278 1324 ab
1297 1245 1405 1348 irrraf

162 1343 266 1431 fione
289 1351 486 1436 hominum
498 1373 728 1433 metuantur.
759 1349 939 1456 Exempli
960 1349 1097 1460 gratia,
1118 1375 1204 1438 cum
1236 1353 1404 1458 probare

161 1481 327 1542 conatur
345 1457 459 1544 fidem
483 1461 702 1543 servandam
728 1460 804 1544 else
829 1483 915 1541 cum
941 1458 1115 1542 omnibus
1131 1462 1177 1548 de
1199 1472 1282 1544 Cio.
1307 1497 1339 1546 c.
1357 1485 1396 1564 3.

162 1567 200 1662 b.
219 1590 258 1668 a,
273 1571 432 1672 3.‚indb
451 1575 643 1655 rationem
657 1571 773 1681 petit,
786 1565 893 1678 qubd
916 1580 978 1678 qui
993 1572 1139 1673 pallum
1159 1577 1398 1674 violat,inci·

156 1677 217 1760 dit
236 1687 276 1762 ia
289 1681 634 1768 contradictionem
661 1677 959 1788 quamagnoscit
979 1675 1055 1760 effe
1074 1677 1345 1766 absurditatem
1359 1685 1398 1768 in

153 1787 316 1880 humana
343 1789 647 1874 conversatione.
691 1789 791 1874 Ciam
807 1789 937 1898 itaque
959 1785 998 1868 in
1018 1785 1095 1873 hoc
1117 1788 1199 1874 casu
1218 1794 1396 1876 admittat

151 1895 265 1983 satius
287 1897 363 1984 else
387 1903 536 2008 pastum
553 1927 631 1984 noo
646 1899 796 1984 violare
810 1895 922 2007 quim
936 1898 1100 2008 violare,
1119 1927 1168 1982 oe
1188 1901 1395 1984 incidamus

151 2009 193 2108 in
220 2009 582 2119 contradidionem,
607 2011 704 2119 quid
723 2011 763 2092 in
783 2007 893 2100 causa
916 2007 988 2108 est,
1012 2005 1095 2117 qub
1116 2007 1392 2096 minirsinfera·

103 2111 106 2114 ’
147 2144 236 2202 mus
253 2120 516 2204 universaliter
526 2119 578 2204 de
599 2117 702 2202 omni
723 2119 830 2228 Lege
849 2117 1047 2218 Naturali,
1070 2115 1391 2232 ejtisqueobliga·

147 2229 260 2314 tione
274 2233 388 2315 etiam
402 2228 450 2312 ad
470 2229 789 2318 auosexternoss
816 2225 929 2310 satius
942 2223 1020 2311 effe
1035 2255 1119 2310 eam
1140 2259 1219 2314 non
1241 2233 1388 2318 violare

145 2339 232 2422 auu
247 2363 410 2426 externo
433 2341 476 2426 in
499 2337 596 2422 statu
621 2343 793 2439 Naturae,
818 2335 1122 2447 qubmviolares
1149 2345 1238 2466 quia
1260 2343 1388 2426 viola·

144 2451 206 2534 tio
233 2449 400 2558 ejusdem
426 2449 782 2550 contraditionem,
806 2451 848 2530 ὃ(
871 2443 1143 2530 absurditatem
1160 2477 1196 2530 rn
1220 2479 1386 2534 conver·

42 2609 47 2621 ·
143 2559 289 2646 satione
315 2562 442 2643 secum
468 2557 587 2662 trahit
623 2557 865 2642 necessarid?
906 2556 1089 2668 Qrisquis
1113 2555 1214 2640 enirn
1238 2560 1405 2644 entium

140 2673 330 2770 omnium,
360 2668 563 2778 praesertim
585 2667 845 2772 rationalium,
867 2671 1039 2750 naturam
1061 2665 1268 2776 diligenter
1286 2699 1381 2754 con·

17 2871 18 2876 Ν
138 2778 293 2880 fiderat,
320 2779 496 2887 agnoscet
509 2771 611 2862 luam
636 2779 872 2864 foelicitatem
899 2773 1110 2886 possibilem
1132 2775 1154 2862 ὲ
1178 2779 1381 2866 Communi

137 2891 367 2974 naturaliter
392 2889 580 3001 pendere,
610 2888 761 2988 veluti
793 2887 917 2972 Causa
955 2888 1178 2997 adaequat23
1207 2891 1378 3000 ideo'que

136 3021 342 3110 utramque
367 3000 599 3105 conjunctim
634 2999 716 3081 vult
741 3023 939 3106 quaerere:
968 2997 1281 3108 quandocunque
1309 3029 1378 3081 au·

134 3135 211 3194 tem
236 3114 351 3194 ullam
380 3112 535 3194 Naturae
557 3109 702 3220 Legem
725 3107 861 3206 violat,
885 3105 947 3189 sua
978 3103 1220 3190 commodas
1247 3105 1375 3213 publi·

133 3221 191 3304 cis
206 3223 291 3304 uult
315 3221 515 3318 divellere,
543 3246 627 3330 quae
650 3219 731 3302 duo
751 3213 1049 3301 contradisioria
1069 3209 1206 3300 suot&
1230 3213 1374 3298 intelli·

131 3357 227 3413 num
252 3331 289 3414 in
305 3329 470 3416 hortinis
486 3327 612 3412 animo
626 3328 768 3412 bellum
793 3346 968 3424 movent,
984 3322 1146 3434 cjt'tsque
1161 3327 1375 3438 tranquilli·

129 3460 252 3526 tatem
275 3439 405 3525 miseri
446 3439 656 3523 esturbant.
700 3437 757 3520 Ea
770 3435 922 3520 miseria
933 3464 1068 3546 poenae,
1093 3435 1150 3540 ob,
1164 3457 1369 3626 gerentum

128 3467 524 3652 naturaliteriniiisiae,
538 3576 625 3659 pars
638 3545 694 3633 est
705 3577 783 3632 noo
793 3543 1085 3648 contemnenda,
1096 3546 1162 3653 eju
1176 3573 1254 3658 que
1266 3545 1369 3630 secu·

128 3662 283 3746 ritatem
299 3661 409 3744 tollit.

182 3770 310 3852 Simile
322 3770 376 3852 est
388 3771 498 3882 quod
509 3777 549 3854 in
560 3763 890 3880 Cap.31.Leviath.
903 3766 940 3860 i.
954 3765 1165 3872 penultimi
1177 3767 1365 3876 agnoscit,

127 3881 213 3963 dari
241 3909 371 3989 poenas
397 3881 600 3983 naturales,
625 3877 760 3988 quibus
782 3901 831 3960 ex
857 3873 996 3958 ordine
1017 3875 1172 3962 Naturae
1199 3881 1365 3985 puniun-

126 4013 189 4076 tur
217 3993 364 4102 Legum
385 3991 629 4076 Naturalium
652 3983 976 4178 transgreRsfiones,
998 3987 1137 4098 ea‘sque
1163 3986 1200 4068 io
1230 3985 1365 4090 Angli·

861 4126 878 4178 r
1274 4119 1367 4172 cana
