3392 4572
552 136 764 238 Virtutum
780 131 1029 244 Moralium.
1325 162 1423 290 333

177 337 262 427 quae
281 335 370 396 eum
404 305 578 396 dominio
600 309 707 395 civili
734 339 813 398 non
846 309 1025 394 conlistit.
1077 307 1258 398 Hobbius
1286 334 1416 404 tamen

173 423 356 536 aqualem
379 419 596 526 hujusmodi
617 417 924 506 distributionem
939 421 1416 536 rernm,juririmqueom·
1465 441 1467 444 ’

169 535 275 616 nium
294 533 398 639 Lege
411 532 595 615 Naturali
619 530 774 639 praecipi
795 531 1012 631 contendit,
1031 535 1071 616 ἃ
1097 538 1137 616 in
1162 534 1234 614 hac
1255 539 1416 646 aquita-

168 663 248 724 tem
266 641 474 724 naturalem
489 643 614 725 voluit
628 639 846 741 consrstere,
859 639 1140 724 vocabulorum
1160 643 1303 730 scilicet
1317 643 1414 726 limi·

166 751 328 834 litudine
348 749 510 847 dodina-3
537 748 594 833 utl
619 749 945 864 illumdecuitqui
967 751 1305 837 ratiocinationem
1325 781 1410 836 om·

166 889 252 944 nem
272 861 295 944 a
318 858 444 942 verbis
464 861 634 968 pendere
664 857 883 970 frequentet
920 858 1096 944 inculcat.
1140 859 1251 946 Hanc
1279 887 1407 946 autem

163 971 373 1057 donnum
389 969 439 1050 de
449 969 584 1079 aequali
596 969 738 1076 jurium
758 967 1026 1051 distributione
1045 973 1222 1077 guttatim
1236 973 1405 1072 instillat,

163 1081 249 1163 Lib.
272 1079 411 1162 dcciv.
434 1103 511 1188 cap.
580 1079 602 1162 ὲ
615 1079 709 1188 fidi.
729 1103 793 1178 13.
814 1077 863 1160 ad
891 1099 954 1182 19.
994 1077 1087 1160 Nou
1105 1099 1231 1164 tamen
1246 1081 1338 1166 libet
1362 1083 1404 1164 iis

161 1187 376 1276 refutandis
400 1190 610 1288 immorari,
631 1191 817 1298 quoniam
839 1191 880 1272 &
910 1183 1005 1268 nihil
1026 1185 1167 1272 habent
1192 1191 1297 1301 quod
1312 1219 1403 1304 pru·

158 1299 316 1386 dentem
338 1297 471 1382 fallere
494 1293 621 1407 poffit,
649 1299 690 1381 8(
705 1319 886 1408 praterea
909 1297 945 1380 id
960 1297 1024 1380 cui
1042 1321 1175 1382 catera
1199 1301 1326 1384 omnia
1340 1305 1398 1383 in·

109 1487 110 1492 a
155 1412 349 1506 nituntur,
378 1435 517 1516 nempe
537 1405 784 1490 necellanium
797 1405 874 1488 effe
886 1407 934 1489 ad
948 1429 1081 1516 pacem
1094 1405 1397 1520 consequendam

154 1541 199 1601 ut
217 1547 292 1628 pro
307 1515 517 1625 aqualibus
538 1515 896 1600 habeanturomnes
910 1515 1097 1616 homines,
1110 1529 1214 1604 artic.
1236 1543 1299 1623 13·
1325 1517 1395 1630 ipli

152 1628 318 1712 Hobbio
338 1655 417 1710 non
438 1627 593 1708 videtur
617 1624 800 1708 idoneum
826 1624 992 1710 medium
1015 1625 1064 1708 ad
1078 1627 1241 1712 eundem
1262 1628 1392 1730 finem,

151 1765 288 1846 nempe
313 1763 445 1846 pacem
467 1736 775 1818 &securitatem
801 1735 1086 1846 acquirendam,
1109 1739 1174 1820 sed
1189 1740 1392 1847 potestatis
1511 1805 1520 1824 .

149 1847 332 1932 coercivae
351 1841 661 1928 constitutionem
685 1849 853 1954 requirit
878 1869 963 1955 quae
988 1841 1174 1949 ejusmodi
1189 1851 1388 1957 aquatum

147 1983 225 2040 rem
249 1957 375 2040 statim
396 1949 627 2054 absorbebit,
652 1949 712 2035 uti
726 1947 903 2062 patet‘ex
922 1955 1004 2060 ejus
1018 1965 1135 2063 capite
1158 1969 1212 2057 5⁰·
1251 1957 1386 2043 Perni-

20 2083 21 2088 '
145 2067 295 2154 ciosum
328 2061 573 2146 nibilominus
593 2059 650 2146 est
670 2059 850 2144 docuiffe
872 2061 1174 2160 distributionem
1199 2071 1383 2178 aqualem

145 2173 312 2286 Legibus
325 2171 754 2284 Naturalibuspraecipi,
766 2172 949 2284 quoniam
960 2173 1043 2306 ipso
1059 2175 1204 2258 fatente
1216 2173 1284 2258 illa
1299 2179 1384 2261 sunt
1462 2211 1465 2218 ·

144 2285 299 2400 prorsus
323 2281 573 2370 immutabiles
594 2301 673 2393 rap.
695 2303 734 2385 3.
764 2282 801 2380 b.
819 2305 883 2388 ²9·
896 2273 1072 2393 ideoque
1092 2307 1141 2364 ex
1163 2283 1381 2394 illiusprin·

140 2395 245 2506 cipiia
265 2393 456 2504 inaequalis
467 2390 690 2480 distributio
715 2387 991 2490 dominiorum,
1012 2387 1079 2472 etl't
1106 2393 1314 2476 becellaria
1336 2395 1378 2478 fir

139 2505 292 2622 prorsus
306 2503 354 2584 ad
377 2501 689 2587 constitutionem
715 2501 1161 2610 Monarchiae,nunquam
1175 2501 1377 2613 ess'epote-

138 2614 493 2722 ritlicita,quiaerit
507 2613 602 2721 Legi
618 2611 797 2695 Naturali
810 2612 1013 2693 contraria.
1360 2686 1363 2696 ,

193 2727 233 2819 b.
253 2721 337 2806 XII.
363 2721 406 2804 ld
435 2720 569 2830 potius
596 2719 661 2804 hic
684 2719 943 2804 annotandum
966 2719 1036 2818 est,
1064 2717 1371 2810 distributionem

133 2835 428 2941 omnigenorum
441 2829 702 2914 dominiorum
727 2829 750 2914 a
771 2827 1096 2916 nobisdeduliam
1118 2831 1195 2917 elie
1219 2842 1241 2918 e
1263 2833 1371 2946 Lege

131 2971 216 3053 quae
251 2939 429 3024 Civitatis
464 2939 601 3050 nullius
624 2937 938 3022 constitutionem
968 2937 1160 3051 supponit,
1187 2941 1395 3052 adedqne

129 3081 207 3137 nnn
222 3049 399 3161 penderit
421 3051 623 3132 voluntate
639 3045 879 3158 Magistratus
901 3048 1050 3147 Civilis,
1080 3051 1181 3133 unde
1200 3073 1289 3160 apta
1311 3053 1367 3134 est

129 3159 336 3268 dirigendis
358 3157 570 3245 allionibus
593 3155 811 3242 Civitatum
830 3157 1087 3254 diversarum,
1119 3163 1160 3243 8<
1183 3157 1366 3242 limitibus

127 3269 349 3378 affignandis
361 3263 434 3380 iqui
458 3297 505 3352 ne
522 3263 797 3378 iprincipibus
811 3266 968 3376 quidem
983 3262 1362 3376 suntperrumpendi.
1445 3265 1449 3274 ’

126 3385 323 3480 Quoniam
350 3401 480 3462 autem
504 3379 572 3462 tali
593 3375 740 3464 tantum
773 3377 880 3485 Lege
904 3373 1110 3459 neceilaria
1127 3379 1175 3462 ad
1199 3375 1363 3488 fingnlo·

123 3514 210 3572 rum
230 3489 468 3572 foelicitatem
478 3508 609 3572 contra
630 3489 800 3571 omnium
814 3488 976 3572 omnino
988 3484 1185 3572 hominum
1198 3485 1361 3570 invafio·

94 3635 97 3646 ·
122 3625 210 3682 nem
237 3599 470 3697 muniuntur,
499 3599 671 3710 sequitur
703 3597 771 3679 tali
797 3595 944 3681 tantiam
966 3595 1072 3704 Lege
1098 3623 1231 3710 papem
1254 3600 1358 3680 inter

121 3736 253 3792 omnes
270 3705 375 3819 polle
399 3705 635 3814 staffilum&
657 3733 741 3790 eam
761 3705 887 3814 reipsi
907 3701 1107 3788 stabilitam
1129 3707 1215 3792 lore
1234 3733 1358 3816 quan·

118 3841 200 3902 tum
232 3817 317 3901 fieri
349 3815 475 3924 potest
498 3817 641 3900 virtute
662 3815 791 3926 Legis,
813 3817 855 3898 8<
877 3811 1072 3942 potestatis
1094 3813 1157 3918 seu
1168 3815 1261 3923 juris
1284 3813 1356 3900 ho·
1502 3857 1505 3862 ·

117 3929 278 4012 minibus
312 3926 401 4010 inde
422 3920 602 4025 concessi,
626 3951 698 4009 nec
726 3925 853 4032 majus
871 3949 1076 4052 quicquam
1095 3923 1351 4034 quarendum.

115 4033 150 4118 E
175 4033 372 4160 contrario
386 4057 518 4122 autem
540 4031 567 4119 li
588 4033 849 4226 dominqorum
867 4031 1004 4145 limites
1021 4037 1043 4120 ὲ
1063 4033 1139 4120 sola
1153 4035 1355 4118 voluntate

757 4167 781 4224 z
1102 4203 1117 4228 .
1219 4165 1356 4225 eorum
