3392 4572
337 205 433 306 412
785 161 1059 306 Consesiariu.

390 323 604 428 [mauditum
624 339 792 426 sanehoc
805 340 861 424 est
881 341 1039 452 dogma,
1057 343 1099 424 δι
1120 337 1218 450 pure
1243 335 1517 435 Hobbianumr

254 514 258 522 -
338 445 1275 639 Epicuruseniuntyaquocaereraplseratpuehaufit,
1298 475 1517 560 quanquam

340 565 505 676 reliquas
525 560 673 670 justrtrae
687 584 813 672 partes
836 561 1039 692 plurimum

1085 556 1376 657 abefasiaverit‚
1402 565 1520 674 iisque

341 675 548 759 monalium
573 673 715 754 tribuat
735 677 814 756 vim
841 695 957 779 quam
980 695 1062 776 quae
1086 669 1106 750 a
1135 669 1328 775 passorum
1356 669 1433 754 fide
1454 674 1518 754 de·

330 781 502 882 vrivetur,
516 781 613 864 hanc
634 803 759 864 tamen
782 779 937 863 inomni
951 776 1045 859 statu
1070 773 1326 860 inconcussam
1341 779 1429 884 ,esse
1451 809 1523 865 vo·

262 971 265 978 .
341 891 421 975 suit.
478 889 689 974 Audiamus
716 893 850 1000 itaque
875 887 1064 972 rationem
1088 884 1236 968 Hobbii
1264 891 1342 995 qud
1367 912 1445 973 tam
1469 893 1524 972 in·

273 991 278 999 ’
341 1001 464 1086 solens
487 999 730 1082 Paradoxum
756 997 925 1082 sulcitur.
979 996 1035 1076 Ea
1060 1016 1253 1078 verorota
1282 1001 1522 1107 petenda-est

324 1105 368 1193 'e
393 1109 619 1220 cap.'7.sesl.
640 1133 676 1212 7.
709 1109 777 1192 ubi
801 1109 858 1193 Po
887 1109 991 1189 ulum
1016 1105 1155 1186 nemini
1184 1105 1338 1188 Civium
1364 1108 1524 1220 obligari

344 1219 494 1304 docuit.
556 1219 706 1301 Caetera
727 1215 824 1300 enim
852 1139 1077 1299 siimmarum
1106 1213 1345 1299 Potestatum
1368 1245 1525 1326 genera,

346 1355 483 1436 nempe
513 1325 637 1411 Curia
678 1327 952 1436 optimatum,
981 1327 1021 1406 bc
1055 1325 1291 1425 Monarcha,
1321 1328 1342 1411 ὲ
1378 1333 1527 1438 populo

346 1439 456 1544 juxta
480 1433 690 1518 dosirinam
710 1435 952 1518 Hobbianam
974 1436 1101 1514 omnia
1134 1431 1194 1514 sua
1209 1435 1292 1538 jura
1316 1441 1526 1547 recipiunt,

347 1545 528 1653 adestque
542 1544 674 1628 eidem
689 1544 836 1628 ratione
852 1547 873 1630 ὲ
890 1543 1085 1654 passorum
1107 1541 1341 1648 obligatione
1362 1547 1528 1632 liberan-

259 1695 260 1698 t
348 1678 411 1736 rur
432 1655 507 1763 qud
529 1653 717 1734 liberatur
739 1653 919 1764 Populus.
979 1650 1073 1731 Eam
1098 1673 1224 1756 autepr
1238 1651 1384 1738 Hobbii
1402 1659 1529 1742 verbis

348 1757 449 1848 diuo
467 1765 559 1846 loco
584 1761 713 1870 posuis
747 1763 922 1872 accipite.
978 1758 1223 1870 “Postquam
1257 1764 1406 1848 Civitas
1431 1797 1528 1852 con·

349 1871 575 1977 “stituitur‚
606 1869 631 1952 fi
656 1871 764 1952 Civis
787 1898 870 1952 cum
894 1875 952 1954 Po
980 1869 1049 1950 ulo
1072 1870 1272 1976 paciscitur
1294 1874 1433 1958 frustra
1462 1877 1529 1978 est,

353 1981 481 2200 :Zpuia
511 1981 685 2106 Populus
714 1981 914 2169 volpntate
938 1901 1000 2061 stis
1023 1981 1259 2170 vospppatem
1285 1982 1412 2174 ‘civis'
1434 1987 1530 2118 illius

350 2199 380 2246 a
395 2087 723 2306 astruat
742 2083 1532 2324 astsstannatum

352 2315 384 2354 ‘⁶
395 2307 478 2391 assu
493 2307 547 2390 est
562 2309 674 2390 liber.
733 2309 888 2415 Nempe
901 2333 957 2386 vrs
978 2307 1091 2410 hujus
1108 2310 1295 2412 ratiocinii
1311 2319 1350 2396 in
1373 2314 1452 2399 hoc
1465 2315 1531 2400 srta

353 2419 421 2520 est,
437 2417 618 2528 quoniam
634 2415 743 2502 Civis
763 2415 989 2525 potestatem
1002 2415 1118 2500 habet
1140 2419 1352 2528 quemlibet
1369 2425 1530 2508 liberan-

352 2529 392 2610 di
417 2529 466 2610 ab
492 2527 729 2635 obligatione
752 2529 949 2636 passorum
986 2551 1072 2636 cum
1097 2527 1138 2609 se
1168 2529 1369 2633 initorum,
1396 2545 1531 2620 renun-

351 2637 489 2718 ciando
501 2665 638 2744 nempe
652 2633 716 2718 suo
729 2637 1058 2744 jurivomnemque
1069 2635 1171 2716 suam
1188 2637 1416 2744 potestatem
1430 2669 1532 2728 tran·

353 2745 457 2826 stuiit
492 2751 531 2826 in
556 2745 773 2850 populums
795 2771 889 2850 ergo
905 2741 1070 2854 populus
1092 2745 1219 2854 potest
1251 2747 1291 2829 se
1317 2749 1480 2837 liberare
1508 2759 1530 2840 a

351 2851 579 2960 sutspattiss
608 2853 769 2960 &quod
784 2853 908 2960 potest
931 2852 1071 2953 facere,
1086 2853 1184 2938 vult.
1244 2858 1534 2971 Respondemus

353 2985 482 3045 autem
509 2959 606 3070 (1)
630 2961 750 3044 Nulla
774 2963 922 3045 ratione
942 2959 1099 3072 probari
1128 2963 1236 3074 posse
1259 2972 1367 3078 quod
1391 2977 1432 3056 in
1468 2974 1534 3058 Ci-

357 3073 486 3156 vitatis
533 3069 809 3156 constitutione
848 3071 969 3154 suturi
1021 3072 1140 3157 Cives
1175 3077 1428 3166 consenserint
1462 3084 1536 3168 boc

355 3184 472 3264 etiam
490 3179 653 3290 'Populo
684 3179 792 3280 dare,
820 3202 860 3261 ut
885 3177 998 3292 possit
1022 3181 1059 3264 se
1089 3183 1192 3267 omni
1223 3189 1423 3295 passorum
1447 3221 1535 3276 cum

352 3289 440 3481 st
455 3287 1534 3507 §sustinuissetissistemus‘u

356 3505 422 3590 mb
436 3507 492 3590 est
509 3507 662 3614 prorsus
684 3506 914 3590 contrarium
935 3504 1003 3590 fini
1026 3506 1188 3620 propter
1209 3470 1535 3626 quem-conium·

354 3619 450 3724 itur,
494 3619 694 3700 communi·
723 3643 862 3724 nempe
892 3617 1061 3701 omnium
1093 3623 1215 3706 saluti.
1285 3627 1451 3714 Necesse
1477 3631 1532 3717 est

356 3723 598 3832 (fatemur)
625 3747 670 3808 ut
693 3724 916 3808 renuntient
937 3727 1042 3810 omni
1074 3733 1151 3837 juri
1175 3735 1339 3843 cogendi
1366 3768 1446 3824 eos·
1466 3743 1532 3853 qai

353 3839 538 3919 summum
566 3839 774 3946 Imperium
796 3835 989 3921 obtinent.
1008 3835 1151 3924 Verbm
1178 3843 1247 3924 alia
1271 3873 1400 3932 manet
1431 3855 1533 3935 obli·

355 3941 461 4054 gatio
484 3944 559 4060 qud
582 3965 731 4032 tenetur
741 3947 915 4057 Populus
926 3947 1034 4070 passa
1060 3975 1143 4034 cum
1158 3951 1331 4044 Civibus
1353 3958 1532 4046 initaser·

1424 4097 1526 4156 Vdse·
