3392 4572
287 212 387 346 384
731 217 737 226 '
777 199 1053 333 Consediaria.

290 374 472 478 arbitror,
499 349 716 483 eildqune
742 371 888 480 legibus
905 369 953 452 ad
975 371 1073 453 adius
1097 363 1331 452 diversorum
1359 367 1531 482 populo·

289 483 484 568 ruminter
501 481 569 565 se‘a
602 483 745 593 plicatis
758 479 848 590 lura
868 481 1051 562 Gentium
1064 477 1367 564 omnialimitari.

346 595 384 690 d.
407 597 456 678 V.
486 593 549 674 Ab
575 515 644 674 lac
668 589 835 702 epitome
858 591 1007 695 Legum
1033 587 1188 670 Naturae
1209 587 1530 676 universaliorum

290 704 511 806 commodus
522 702 679 784 dabitur
692 697 867 782 transrtus
884 701 925 780 iu
944 693 1285 781 considerationem
1302 699 1456 783 illorum
1471 701 1526 784 di·

290 813 494 896 slaminum
511 813 667 918 rationis
678 838 761 920 quae
771 834 904 912 omnes
916 807 1082 914 dirigunt
1098 804 1145 890 ad
1158 805 1439 892 constituendas
1453 809 1529 894 ser·

290 921 503 1030 vandaisque
536 921 737 1006 societates
764 920 804 1001 in
829 915 966 1027 quibus
986 916 1190 1025 Imperium
1215 943 1302 998 cum
1337 917 1531 1026 potestate

289 1037 466 1115 coerciva
488 1029 724 1138 intelligitur.
778 1029 848 1108 Hae
880 1027 977 1108 enim
1006 1025 1095 1106 ideo
1131 1023 1218 1108 sunt
1247 1027 1462 1110 necessariae
1487 1052 1530 1110 ut

289 1141 413 1252 Leges
434 1141 636 1225 haemelids
655 1137 954 1252 observenpurin
977 1135 1162 1218 honorem
1174 1135 1272 1236 Dei,
1297 1137 1531 1248 generisque

289 1251 447 1333 humani
471 1247 736 1344 soelicitatems
763 1273 901 1332 eorum
919 1243 1018 1326 verit
1030 1243 1240 1353 speciatim,
1256 1245 1323 1352 qui
1336 1244 1533 1354 hujusmo-

289 1359 330 1442 di
352 1361 582 1443 Societrtum
607 1357 776 1441 membra
797 1355 893 1439 sunt.
939 1353 1113 1482 ldedquc
1137 1353 1228 1437 dati
1257 1355 1347 1463 lege
1367 1357 1531 1440 naturali

288 1465 1426 1682 lullus„llffslllfflllltllll‘l‘asllllll
1436 1491 1532 1661 ll?

288 1683 537 1786 stitutionem,
566 1685 945 1768 acconservationem
960 1678 1184 1789 praescribat.
1233 1680 1541 1770 Necellitasaue

287 1813 368 1878 tem
390 1794 501 1899 hujus
526 1794 645 1878 medii
664 1793 829 1874 adhunc
852 1790 965 1876 finem
984 1791 1101 1874 facile
1114 1789 1269 1876 discitur
1291 1791 1315 1873 ὲ
1336 1795 1529 1878 communi

288 1906 459 1986 omnium
476 1905 733 2013 experientia,
754 1906 795 1984 in
807 1904 852 1986 iis
863 1929 946 2012 quae
959 1899 1106 1983 familiae
1118 1926 1246 1982 curam
1259 1903 1441 2010 spedant,
1462 1929 1532 1988 aut

289 2009 575 2098 aedificatiouem
595 2013 839 2112 domins,.aut
868 2004 1074 2116 cujussibet
1094 2006 1219 2094 effeut
1240 2013 1291 2092 ad
1313 2014 1423 2122 quod
1444 2017 1530 2125 plu·

288 2121 384 2204 tium
400 2119 596 2208 hominum
621 2123 746 2229 dispar
759 2148 880 2230 opera
894 2119 1129 2228 requiritur:
1157 2122 1198 2202 in
1221 2118 1279 2202 his
1301 2125 1536 2229 percipimus·

288 2227 425 2315 frustra
448 2259 601 2316 omnem
614 2229 748 2314 insumi
761 2255 919 2338 operam
936 2225 1000 2310 nisr
1013 2229 1074 2310 alii
1095 2250 1241 2338 regant,
1269 2231 1333 2312 alii
1348 2233 1447 2316 veru
1461 2261 1531 2344 pa·

287 2363 410 2422 reant.
459 2339 698 2426 Manifestum
722 2339 821 2422 enim
842 2339 898 2422 est
924 2338 1233 2446 procurationem
1258 2339 1351 2422 bo'ni
1376 2340 1530 2428 maximi

286 2448 524 2560 eujuscapax
547 2450 603 2534 est
616 2473 699 2533 tota
711 2445 945 2532 rationalium
966 2449 1229 2554 communitas,
1252 2443 1433 2534 effetanm
1453 2449 1531 2537 elle
1658 2455 1664 2478 ⁶

288 2556 332 2639 iis
347 2575 432 2667 quae
445 2561 530 2642 dixi
542 2558 662 2669 magls
681 2557 941 2668 complexum,
963 2559 1249 2656 &intricatum
1265 2557 1350 2665 idq3
1364 2555 1530 2648 necessa·

288 2667 351 2750 rid
362 2668 531 2778 pendere
550 2669 903 2754 {concurrentibus
917 2666 1067 2748 auxilris
1084 2665 1330 2774 srngulorum,
1345 2697 1416 2778 per
1432 2700 1530 2782 ope·

287 2801 368 2858 ram
392 2799 557 2858 mutuam
577 2780 691 2862 valde
706 2775 915 2886 disparemt
943 2773 1116 2884 idedque
1134 2773 1361 2885 impollibile
1384 2776 1463 2867 else
1486 2807 1533 2866 ut

285 2883 480 2992 provisum
495 2887 603 2984 illud,
624 2879 1101 2997 experirsimqueeffedum
1115 2887 1238 2988 certis,
1260 2889 1531 2976 &constanter

287 2992 520 3096 obtineatur,
550 2995 614 3078 nisr
638 2998 879 3079 rationalium
904 2993 1061 3076 aliialiis
1076 2999 1262 3105 perpetua
1278 2993 1373 3078 serie
1393 2998 1529 3086 subura

286 3103 1531 3217 dinenrurmmne'esqueadedsummonuminiurpoteprimo,per·

288 3209 560 3324 seuisfimoque
582 3214 759 3298 rationali
784 3235 957 3322 pareant,
982 3214 1102 3320 Leges
1127 3241 1223 3322 quas
1253 3215 1529 3324 explicavimus

288 3321 492 3406 Naturales
502 3325 679 3406 omnibus
690 3323 865 3432 gentibus
876 3349 1092 3406 communes
1108 3323 1186 3404 obs
1179 3326 1364 3410 ervando.

314 3519 317 3524 ¹
343 3435 493 3514 Haecut
514 3434 653 3538 opinor
678 3434 927 3518 ratiocinatio
947 3432 988 3514 in
1002 3433 1201 3540 multiplici
1218 3430 1386 3518 &obvia
1401 3463 1527 3548 expe-

285 3541 426 3623 rientia
449 3541 618 3641 lundata,
643 3541 785 3624 ordinis
803 3539 1054 3625 constituendi
1082 3540 1337 3628 necesliratem
1376 3546 1526 3630 evincit

286 3650 388 3754 apud
406 3651 577 3732 homines
603 3651 923 3775 praejudicionon
943 3675 1161 3736 occaecatos.
1210 3653 1349 3736 Verirm
1375 3662 1522 3765 quoni·

286 3783 347 3838 am
370 3759 708 3842 demonstratron'es
737 3761 955 3870 importune
980 3762 1087 3844 nimis
1118 3760 1288 3869 flagitare
1309 3765 1433 3848 solent
1456 3767 1520 3844 ad·

284 3867 448 3950 versarii
472 3869 602 3968 nostri,
632 3869 803 3954 conabor
815 3871 977 3978 digitum
992 3872 1177 3954 intentare
1190 3871 1322 3956 versirs
1334 3875 1520 3982 principia

285 3977 454 4084 quedam
472 3979 742 4062 Mathematica
764 3981 941 4088 equibus
954 3983 1218 4066 universaliter
1239 3983 1520 4068 demonstratur

283 4083 478 4171 necellltas
500 4111 598 4173 notae
621 4075 936 4176 subordinationis
958 4094 1057 4176 inter
1071 4091 1198 4176 causat
1210 4095 1410 4204 quotlibet
1432 4099 1521 4176 'cor-
1557 4143 1562 4158 ·

1374 4232 1519 4316 portas
