3392 4572
308 229 370 328 De
390 225 628 329 'uirtutibus
655 225 894 354 Matralibus
922 226 1172 368 figillatior.
1309 269 1396 366 371

214 402 509 512 Eadem-itaque
523 403 606 484 Lex
627 403 807 486 naturalis
821 431 901 513 quae
915 406 1169 508 voluntatem,
1192 405 1402 518 omnesque

158 512 256 596 adeb
285 509 437 595 affesnrs
464 511 613 596 nostros
635 541 724 622 erga
748 512 1013 624 nosmet-ipsos
1033 517 1167 600 limitat
1195 517 1404 626 erespeou

156 621 205 704 ad
225 622 339 706 finem
353 623 551 732 optimum,
573 626 657 729 pari
683 630 833 708 ratione
856 623 878 708 ai
903 622 1208 709 consideratione
1232 625 1404 711 omnium

158 737 322 840 partium
344 729 540 816 illiusfinis
563 725 862 816 affedlusomnes
881 732 1055 816 limitabit
1070 737 1168 818 circa
1189 735 1416 846 acquifitio·'

155 848 311 952 nem,&
327 841 655 946 conservationem
665 841 885 926 divitiarum
901 847 942 926 &
958 843 1163 928 honorum.
1193 843 1285 928 Haec
1298 848 1404 930 enim
1505 943 1512 952 ,

31 965 35 970 ’
155 949 206 1034 ab
229 954 403 1038 omnibus
433 981 513 1038 non
545 953 614 1034 alia
645 955 795 1036 ratione
822 977 1047 1062 quaeruotur
1069 955 1184 1064 quam
1212 979 1256 1038 nt
1278 955 1401 1038 media

155 1060 482 1172 adpossrdentium
508 1059 762 1164 foelicitatem,
788 1067 895 1168 cujus
916 1059 1125 1146 mensuram
1148 1093 1225 1148 oon
1251 1065 1400 1148 aliam&

154 1165 303 1279 singulis
325 1172 596 1282 expectandam
611 1171 687 1254 esse
699 1169 947 1274 ostendimus,
975 1174 1093 1282 quam
1107 1201 1194 1284 quae
1214 1177 1401 1259 Commu-

154 1285 195 1364 ni
217 1285 390 1366 omoium
406 1280 593 1366 soelicitati
608 1277 891 1384 subordinatur,
912 1303 979 1372 aut
992 1309 1078 1382 curn
1096 1312 1141 1366 ea
1154 1283 1282 1366 saltem
1306 1313 1402 1366 con·

153 1389 256 1475 fistir.
312 1393 378 1476 De
401 1392 563 1476 limitata
573 1417 662 1472 cura
677 1391 918 1502 acquirendi,
941 1387 1273 1502 conservandique
1298 1393 1402 1478 divi·

152 1499 221 1582 tias
237 1523 417 1611 tanquam
432 1501 492 1584 'de
511 1499 642 1582 medio
659 1503 706 1583 ad
732 1501 1022 1584 Liberalitatem
1043 1501 1250 1586 necessario
1272 1501 1400 1586 obiter

152 1613 244 1695 ante
264 1612 450 1700 diximusr
477 1609 690 1721 eademque
706 1609 885 1696 sufficiant
900 1611 949 1694 ad
969 1611 1185 1698 limitandas
1210 1610 1400 1722 cupidita-

153 1741 211 1804 tes
221 1721 362 1806 nostrat
378 1725 479 1806 circa
494 1746 557 1802 eas
567 1743 612 1802 ut
635 1721 761 1804 media
777 1722 825 1805 ad
838 1719 1002 1804 nostram
1014 1721 1264 1806 soelicitatem.

44 1929 45 1934 Ν
204 1829 343 1916 Restat
366 1833 561 1940 itaqueot
590 1833 721 1938 paucis
757 1834 980 1914 moneamus
997 1831 1199 1916 Ledrorem
1223 1831 1295 1915 hac
1308 1831 1398 1938 lege

151 1938 326 2025 omnibus
348 1941 440 2022 illud
465 1942 692 2049 imperatum
708 1937 798 2042 else,
822 1963 864 2024 ut
880 1939 1029 2023 sibimet
1041 1939 1209 2026 honores
1229 1963 1398 2052 quaerant

149 2055 194 2136 ea
214 2049 362 2134 tantiam
375 2043 559 2150 mensura,
587 2048 708 2160 iisque
722 2047 852 2132 mediis
870 2077 953 2162 quae
970 2078 1048 2132 non
1061 2048 1181 2134 solnm
1193 2047 1397 2134 confistunt

148 2189 234 2244 curn
248 2161 438 2268 corporis,
467 2155 659 2270 animique
670 2159 727 2242 sui
750 2159 925 2260 sanitate,
946 2157 1135 2243 sedetiam
1149 2157 1397 2244 cumsamiliae

148 2271 222 2356 suae
237 2296 327 2354 cura
352 2269 435 2377 (ne
460 2269 561 2352 illam
583 2267 849 2378 peffundemus
871 2267 1041 2352 honores
1062 2269 1329 2382 occupand0,)
1353 2269 1396 2350 &

148 2404 236 2463 cum
251 2378 475 2491 reipublicae
488 2406 600 2488 pace,
630 2407 679 2461 ne
699 2379 930 2466 seditionem
959 2379 1043 2488 quis
1064 2379 1244 2463 moliatur
1264 2402 1305 2462 ut
1327 2377 1396 2460 sei·

149 2485 257 2620 psum
286 2489 456 2588 evehat3
484 2515 571 2574 cum
585 2511 805 2572 caeterarum
815 2489 991 2599 gentium
1022 2489 1317 2600 tranquillitate,
1345 2513 1395 2568 ne

147 2623 233 2704 Jura
251 2601 416 2707 gentium
427 2601 626 2684 violentur
643 2600 695 2682 ad
704 2597 941 2710 ampliandos
954 2599 1089 2682 titulos
1103 2597 1282 2696 nostrosa
1303 2623 1393 2682 cum

148 2711 296 2818 pietate
318 2709 538 2820 deniqueio
561 2709 707 2809 Deum,
730 2709 875 2820 nequis
890 2707 928 2790 iu
943 2707 1181 2822 majestatem
1204 2709 1414 2808 divinam,

146 2843 216 2900 aut
240 2821 276 2900 in
292 2846 354 2902 res
376 2815 552 2913 &officia
567 2817 666 2901 sacra
680 2815 847 2922 involet,
870 2817 1013 2903 uthinc
1035 2819 1395 2928 nominissuiglori·

145 2955 208 3012 am
233 2929 455 3037 adaugere·
492 2929 681 3014 Voluntas
703 2929 762 3014 his
783 2927 1161 3038 legibuacoosorrois
1186 2928 1394 3013 mediocri·
1515 2967 1519 2975 ·

81 3097 86 3103 -
143 3060 265 3123 ratem
287 3066 416 3124 veram
429 3037 569 3147 adepta
591 3035 647 3122 est
662 3043 766 3121 circa
778 3037 947 3122 honoret
957 3037 1211 3148 appetendos,
1225 3043 1266 3122 8<
1288 3039 1392 3120 circa

146 3149 346 3230 vitandam
359 3145 578 3246 infamiama
606 3145 766 3258 ejusque
781 3146 914 3232 Virtus
935 3145 1281 3260 Modesliadicitur,
1333 3169 1389 3225 uae

144 3257 349 3342 definiatur
364 3255 514 3364 Justitia
530 3287 622 3368 erga
644 3254 910 3362 nosmet-ipsos
924 3255 963 3338 in
986 3257 1176 3342 honorum
1188 3175 1391 3356 curabo·

146 3396 202 3448 no
219 3369 414 3452 communi
433 3367 697 3465 subordinat,
722 3363 948 3453 consrslcns(
976 3365 1122 3450 Eadem
1144 3389 1270 3454 aurem
1294 3385 1391 3447 veta

142 3475 320 3587 modestia
339 3501 525 3590 quatenus
540 3477 777 3560 voluntatem
799 3477 847 3562 de
877 3471 1038 3562 rimitne
1050 3473 1270 3560 sublimiora
1289 3502 1392 3586 qua·

143 3609 207 3670 rat
229 3589 345 3696 quarn
358 3617 443 3699 quae
465 3615 549 3670 cum
575 3587 651 3671 hoc
669 3581 746 3668 fine
766 3614 818 3670 co
858 3583 990 3696 rstuor,
1012 3585 1391 3671 Humilitasdicitur:

142 3720 335 3807 quatenoc
360 3723 489 3779 autem
512 3703 683 3782 animum
703 3697 830 3778 elevat
855 3693 903 3776 ad
920 3697 1170 3782 maximorum
1191 3694 1389 3782 honorum

47 3892 49 3894 ,
143 3808 441 3916 appetitionem,
455 3809 523 3912 qui
540 3807 637 3918 resia
650 3803 855 3912 hnjuafinia
867 3803 1133 3914 prosecutione
1148 3807 1188 3890 se
1200 3801 1387 3904 offerunt,

144 3945 238 3998 vera
251 3915 305 3997 est
321 3925 625 4027 Magnanimitas.
679 3919 833 4000 Notum
855 3913 1008 3998 interim
1030 3915 1203 4024 suppono
1218 3915 1388 4000 e'usdcm

146 4023 224 4110 effe
237 4028 391 4112 virtutis
405 4027 849 4135 honoremquarere,ac
862 4025 1117 4122 conservare,
1139 3945 1386 4110 &insaniam

146 4141 315 4240 evitare,
340 4137 606 4250 acdepellere.
647 4133 708 4216 Ex
722 4133 778 4218 his
799 4132 942 4235 autern,
963 4133 1227 4244 opposrtorum
1254 4157 1390 4215 natura

784 4243 891 4328 bbb
921 4267 943 4322 2
1252 4241 1395 4333 sacile

1527 4395 1585 4408 Α
