3384 4578
477 126 482 136 ’
514 150 577 252 De
604 147 783 254 Natura
817 149 986 251 Rerum.
1364 195 1430 300 43

193 355 239 410 uc
262 321 423 438 perfidie
447 324 622 436 laedatut,
646 345 713 409 nut
733 350 782 409 ne
803 319 937 408 eotut'n
964 321 1062 428 vitu,
1094 327 1208 426 sunta,
1234 324 1425 433 pudicitia

191 435 376 564 violetur,
402 443 444 522 δι
478 441 585 564 quo(
590 434 895 522 benefactoribus
905 433 1007 516 vices
1044 435 1318 548 rependuntur,
1357 459 1422 520 aut

187 573 271 652 quo
294 553 469 658 curqunm
485 546 615 652 curisve
631 546 808 656 polletis,
829 541 1076 628 fineuliotum
1087 572 1186 632 notra
1199 543 1421 657 consulitur,

184 653 337 764 semper
357 679 456 758 erut,
471 655 590 760 eritq3
604 655 728 764 Cuultt
755 656 853 738 Boni
876 657 1102 756 communis,
1117 651 1252 766 idcdq3
1267 653 1418 736 virtutis

183 770 341 848 nomine
364 765 625 876 insigniendus.
684 765 849 847 ldunice
867 762 1153 863 curandumest,
1176 786 1218 848 ut
1238 757 1417 847 cffedlunt

180 873 374 982 spettetur
408 872 495 957 sutis
520 875 716 986 amplum3
735 897 780 957 ut
805 901 944 982 nempe
967 878 1044 958 toti
1071 873 1214 984 aliquid
1241 873 1414 974 accedat,
1509 875 1511 882 ’

179 1007 249 1066 aut
275 982 401 1067 saltem
417 985 511 1068 nihil
527 987 744 1068 detrimenti
765 983 859 1066 illud
881 986 1067 1092 patiatur,
1089 983 1178 1067 dunt
1202 987 1303 1089 parti
1328 982 1412 1086 ejus

176 1093 295 1176 alicui
320 1094 508 1177 studemus
539 1092 769 1203 gratificari:
813 1089 913 1176 secius
939 1091 963 1174 st
985 1093 1080 1202 quid
1095 1090 1175 1190 fiat,
1200 1093 1301 1174 vitio
1322 1119 1410 1174 vet·

175 1203 335 1286 tendum
361 1203 430 1286 est.
487 1205 548 1288 Eo
569 1227 698 1286 autem
708 1201 790 1315 ipso
812 1199 921 1312 qudd
936 1229 1062 1284 rerunt
1074 1223 1208 1284 nutura
1238 1199 1408 1282 hominis·

175 1308 1404 1418 busnotumfaciat‚hujusmodtntttbuscommune·ssonum(in

171 1448 257 1530 quo
283 1419 445 1532 ipsorum
459 1425 613 1532 proptia
640 1419 1078 1528 Foelicitusconttnetur)
1103 1420 1268 1504 obtineri
1279 1420 1403 1528 poli'e,

169 1529 256 1642 idqt
281 1535 318 1615 in
335 1531 476 1616 summo
488 1535 627 1642 gradu,
643 1531 877 1644 quiquidem
901 1531 983 1642 ipsts
1008 1529 1195 1639 sigillatim
1218 1527 1402 1638 pollibilis
1525 1547 1532 1560 '

169 1639 249 1728 ‘este
278 1644 491 1728 contrarios
524 1665 650 1725 autem
687 1645 788 1728 attus
815 1639 1027 1726 necellitrid
1051 1643 1191 1748 pariter
1221 1641 1400 1724 miserum

168 1747 282 1834 rebus
306 1751 478 1835 humanis
488 1751 624 1834 statum
648 1751 905 1852 introducere,
926 1772 1009 1859 atqu
1037 1749 1116 1832 lraec
1138 1747 1220 1830 fieti
1235 1772 1398 1858 propter
1435 1776 1438 1782 ·

165 1886 305 1942 nexum
331 1862 354 1946 d
381 1863 518 1942 Primae
547 1855 676 1940 Crusae
698 1859 899 1940 voluntate
919 1857 1166 1940 sadumintet
1176 1861 1270 1941 tales
1294 1857 1398 1938 attus

162 1973 205 2051 &
233 1965 390 2053 offellus
414 1971 528 2063 suos3
556 1966 756 2049 evidenter
780 1963 984 2072 colligitur,
1006 1964 1138 2048 cidem
1151 1966 1283 2048 Primae
1295 1967 1396 2048 Cau·

157 2078 208 2158 sae
234 2077 439 2159 voluntate
460 2075 630 2158 homines
652 2074 813 2184 obligari
840 2075 888 2155 ad
920 2073 1100 2156 virtutem
1123 2076 1395 2188 exercendum,

157 2183 344 2298 vititimq3
391 2184 612 2293 fugiendum
652 2183 719 2266 sub
752 2211 866 2294 poena
903 2181 1127 2266 Foelicitutis
1162 2185 1391 2289 amittendae,

157 2319 227 2376 aut
253 2313 413 2404 propter
432 2294 536 2407 spent
558 2293 727 2400 ejusdem
748 2291 996 2403 acquirendae.
1051 2295 1390 2382 Innumetuuutem

16 2495 17 2504 p
155 2402 230 2512 ipsr
246 2406 479 2512 perpetranti
491 2404 686 2485 malacum
709 2404 945 2512 adloquo'vis
958 2403 1038 2486 aliis
1050 2403 1194 2488 nocivo
1208 2407 1389 2494 naturali·
1429 2427 1434 2434 ·

154 2533 219 2594 ter
242 2511 442 2618 cohaerent.
497 2514 654 2596 Nunt&
669 2513 1078 2621 ip'sc,quiaptincipiit
1095 2513 1302 2620 predicis(
1329 2535 1386 2598 uae

151 2618 325 2732 ipfinotu
352 2623 461 2734 sunt)
488 2621 714 2705 melioribus
737 2621 980 2721 contradicit,
1002 2619 1285 2706 animum'suutn
1298 2541 1384 2706 dbi-

149 2731 430 2838 metinsensunt
454 2731 599 2835 reddit,
626 2755 668 2816 ut
692 2735 731 2816 se
743 2731 873 2838 judice
887 2761 966 2816 non
987 2730 1234 2821 absolvaturt
1262 2735 1383 2845 &qui

148 2843 215 2926 vel
238 2843 354 2928 sernel
364 2841 588 2943 temeritate,
614 2869 660 2926 ac
674 2845 780 2926 caecit
804 2835 999 2926 affectibus
1065 2839 1142 2926 tiits
1159 2844 1382 2954 qudntruti·

147 2956 233 3036 ouis
258 2949 326 3034 suae
350 2947 567 3036 consiliose
588 2951 707 3034 trudit
738 2950 965 3054 ducendum,
1021 2949 1151 3034 aciliits
1176 2953 1227 3036 ab
1250 2952 1380 3039 iisdem

146 3061 276 3175 postea
291 3059 512 3168 abripietur,
537 3063 638 3145 unde
661 3060 815 3144 tundent
834 3061 947 3146 facile
980 3058 1129 3142 libimct
1165 3063 1378 3170 perniciem

145 3175 342 3258 accersat:
372 3167 506 3252 vetlttn
521 3173 636 3253 etiam
649 3170 831 3280 exemplo
851 3171 918 3252 tuli
944 3169 1027 3252 aliie
1051 3165 1377 3280 praeit,quddmi·

16 3279 44 3342 »¹
143 3311 228 3366 rum
252 3277 820 3387 inmoduminipstusdantnunr
844 3281 1041 3360 trahatur:
1069 3274 1311 3387 suspicionem
1331 3287 1373 3367 dt

142 3391 354 3583 giffidentiee
378 3388 642 3498 causasauget,
656 3415 813 3499 quarunt
837 3389 916 3499 ipse
934 3387 1142 3500 aliquando
1164 3391 1373 3478 incommor

172 3529 194 3584 a
223 3521 455 3612 expertetur.
1320 3529 1335 3556 ·

198 3612 417 3710 Quinetrum
434 3607 756 3719 omnitillupoena
771 3611 904 3694 inulto
924 3607 1112 3718 ejusmodi
1136 3600 1288 3712 vitioso,
1301 3637 1370 3698 ve·

138 3715 198 3802 lut
211 3721 250 3804 in
264 3723 372 3803 causa
383 3718 657 3828 procutatcticu
671 3719 735 3802 seu
748 3720 940 3803 meritoria
952 3709 1183 3822 continetur,
1196 3721 1370 3834 adquam
1473 3777 1479 3786 ·

140 3821 382 3938 infligendam
409 3828 472 3936 (ut
486 3849 739 3932 coerceantur·
760 3825 942 3936 tnal'clici)
956 3831 1296 3943 ugentiaqueelibet
1309 3859 1370 3916 tt·

139 3933 300 4022 tionalit
313 3963 363 4020 cx
381 3967 509 4026 umore
525 3937 687 4024 naturali
699 3937 792 4022 boni
808 3937 968 4049 publici,
982 3939 1079 4052 sulqt
1098 3942 1327 4033 excitantur.

193 4043 455 4136 Crusaeautern
470 4047 672 4160 inpulfivae
687 4049 1243 4242 viouquaeinrsllbushumaolt
1257 4049 1366 4144 laten

207 4183 213 4192 ·
778 4187 802 4246 2
1138 4175 1366 4264 quamquem
