3400 4566
297 157 389 264 288
500 149 564 254 De
589 148 702 286 Lege
726 63 915 254 Nature
940 137 1107 284 tjrisqre
1126 141 1400 283 ,obligatione

290 320 461 410 distindie
474 317 714 406 ostendemus
727 315 930 430 quomodo
943 314 1146 398 hacineer
1157 314 1193 398 se
1212 315 1444 398 cohereant.

314 437 315 440 ‘
347 431 523 542 Inprimis
546 430 680 540 itaque
705 423 986 516 observandum
1007 423 1064 507 est
1083 425 1191 535 quud
1214 453 1291 508 nou
1306 423 1447 507 eodem
1465 451 1528 511 or·

222 589 226 592 ·
291 539 383 624 dine
405 537 655 649 investigetur
678 539 701 624 *a
723 538 873 648 fingulis
893 533 1111 618 hominibus
1123 535 1311 642 obligatio
1322 535 1530 638 Naturalis,

292 676 436 844 llil?
457 671 747 843 ”atttriti
762 643 1527 866 {ltilillilltltsslttdltll:

289 867 429 978 lyrico,
453 867 702 985 procedendo
724 865 774 948 ab
795 863 1044 975 effeslis-quae
1067 864 1243 972 proxime
1271 892 1342 948 uos
1362 863 1530 950 afficiunt
1615 911 1616 914 κ

293 977 834 1088 aduatiascomplicatssque
855 973 1060 1060 admodum
1077 973 1204 1056 causas
1223 971 1427 1064 secundari
1446 997 1532 1068 tan·

290 1085 458 1196 demque
479 1086 526 1169 ad
541 1094 700 1198 primam
716 1085 962 1170 ascendimus.
988 1083 1045 1164 illi
1057 1104 1196 1166 tanreu¹
1208 1110 1452 1195 nequaquam
1468 1083 1528 1167 su·

292 1221 374 1280 mus
396 1195 540 1300 injurii,
570 1193 772 1280 fitandem
797 1191 1045 1303 agnoscamus
1066 1191 1269 1276 necessaria
1290 1195 1418 1276 omnia
1442 1220 1527 1304 quae

290 1303 396 1415 priris
422 1293 720 1392 observtffemus
745 1299 879 1410 esseda
914 1297 974 1387 ab*
997 1301 1079 1408 ejus
1100 1303 1301 1386 voluntate
1334 1303 1527 1413 originem
1677 1313 1683 1340 ¹

289 1413 461 1515 traxisse,
475 1415 588 1525 eique
599 1434 796 1523 acceptam
817 1413 1021 1500 reseramus
1031 1435 1310 1522 omnem-quam
1323 1433 1528 1496 notavera-

289 1524 424 1606 musin
438 1525 482 1607 iis
494 1525 778 1633 perfesliouem.
804 1527 868 1606 Sic
881 1525 922 1604 in
937 1550 978 1604 re
994 1520 1140 1632 nostra,
1153 1518 1526 1632 inprimicNaturum

289 1627 454 1717 nostram
466 1637 731 1744 quadantenus
740 1627 1258 1740 agnoscimua,&ueceffaria
1269 1631 1527 1742 quadamelse
1682 1691 1683 1704 a

289 1741 436 1846 adejue
457 1740 706 1843 soelicitatem,
729 1770 801 1826 nec
810 1769 890 1826 non
899 1763 1059 1824 conatus
1072 1737 1258 1850 quosdam
1273 1739 1386 1850 plane
1399 1741 1527 1824 Nutu·
1681 1787 1683 1832 2

288 1851 386 1934 ralea
406 1851 536 1938 versus
559 1853 762 1938 necessaria
784 1849 1020 1958 hujusmodi:
1044 1851 1147 1936 astus
1172 1876 1294 1958 porro
1313 1847 1465 1936 nostros
1480 1851 1527 1933 li·
1681 1843 1683 1890 ³

289 1959 607 2072 beroe·quosdam
632 1960 874 2053 observamur,
894 1987 944 2042 ex
974 1982 1280 2062 naturaeorum,
1302 1959 1525 2070 quibuscum
1681 1953 1683 2042 l

287 2066 858 2180 versamur‚·velimuunolimus
877 2071 1112 2180 oppugnari,
1135 2071 1175 2152 δι
1197 2069 1526 2180 quantuminipfie

287 2179 352 2262 estx
363 2182 531 2264 coerceri
552 2181 751 2278 videmus5
775 2181 867 2265 alios
880 2181 978 2264 vero
990 2181 1097 2263 attur
1114 2181 1263 2262 nostros
1279 2179 1369 2290 (qui
1386 2207 1526 2288 nempe

287 2289 369 2371 aliis
387 2287 470 2372 sunt
495 2289 683 2396 benefici)
708 2287 884 2373 sentimus
898 2291 1103 2398 reciproco
1121 2284 1260 2374 affeiiu
1277 2285 1525 2374 libentiffime

285 2397 549 2508 compensari:
578 2397 1524 2511 quaternate-ipsometNaturacomparatos
1552 2451 1560 2464 -·

286 2505 571 2616 reperimusput
586 2507 901 2620 ‘propendeamue
924 2505 1354 2618 absqnedeliberatione
1376 2509 1427 2592 ad
1441 2521 1524 2593 Vim

284 2629 326 2698 υἱ
350 2616 599 2727 repedandum,
625 2621 668 2702 δι
684 2643 757 2728 per
778 2627 866 2728 pari
891 2617 1147 2727 refirenduml
1173 2647 1243 2704 nec
1266 2621 1371 2704 aliud
1392 2618 1524 2704 suadet
1681 2595 1683 2638 ⁸

282 2725 408 2808 Ratio
421 2725 701 2812 consultissima.
732 2727 1525 2840 Exhujusmodiinunmerisperpetulstpue

282 2832 624 2934 observationibus,
637 2819 794 2946 aliisque
814 2835 945 2948 qualia
955 2834 1199 2964 suggeliimua
1212 2867 1280 2922 nos
1293 2861 1424 2941 antea,
1438 2868 1523 2950 pet·
1682 2911 1683 2914 a

280 2941 427 3026 suasum
445 2941 488 3026 fit
499 2947 618 3029 menti
632 2945 802 3028 humanae
813 2947 1125 3031 benevolentiam
1135 2949 1294 3036 aliorum
1307 2977 1398 3058 erga
1409 2951 1523 3051 alios,

160 3083 166 3100 ·
282 3051 447 3138 aliorum
460 3054 780 3181 pariteromnium
791 3055 988 3142 hominum
999 3057 1049 3138 ad
1061 3062 1213 3168 praemia
1225 3087 1269 3142 ac
1286 3055 1524 3144 soelicitatem

282 3159 385 3246 viam
412 3165 735 3278 numeretque
759 3163 892 3276 magle,
917 3165 996 3278 qud
1010 3193 1070 3250 ma
1096 3163 1185 3250 lssrt
1206 3163 1355 3254 diffirsa.
1410 3167 1522 3252 Post·

281 3298 399 3460 poam
420 3298 547 3358 autem
569 3273 779 3360 hoctottlm
794 3277 844 3360 ab
859 3279 1029 3392 Audore
1091 3299 1206 3360 aturae
1220 3277 1335 3362 valde
1350 3279 1525 3389 provido

310 3383 366 3464 eri
381 3383 608 3482 considerat,
625 3385 799 3468 dubitare
818 3388 968 3494 nequit,
980 3385 1086 3497 -quin
1100 3388 1129 3468 is
1142 3387 1218 3472 hoc
1236 3387 1289 3471 ab
1301 3387 1524 3474 hominibue

280 3489 436 3596 spatiari
449 3493 566 3600 uelit,
591 3493 650 3578 uti
673 3494 810 3580 revera
838 3493 909 3594 est,
932 3519 976 3578 ut
998 3497 1178 3582 idoneum
1204 3517 1473 3608 argumentum
1499 3500 1522 3584 a

280 3599 450 3715 Reslore
462 3600 709 3714 .datum,quo
727 3603 1015 3712 impellerentur
1034 3608 1084 3691 ad
1101 3607 1415 3696 Benevolentiam
1434 3609 1523 3692 uni-

278 3709 460 3832 versalem
486 3715 766 3798 exercendam:
791 3713 866 3796 hirc
883 3713 938 3795 est
963 3714 1052 3824 (uti
1068 3715 1335 3826 ostendimus)
1349 3740 1397 3798 ut
1418 3717 1521 3798 indi·

277 3842 372 3902 crum
398 3819 723 3930 obligationie,.&
743 3819 965 3908 certisiimus
986 3827 1102 3937 Legis
1120 3825 1319 3912 character
1342 3854 1425 3910 earu
1445 3825 1520 3907 im·

275 3929 460 4035 perantia.
476 3934 717 4042 Quanquam
740 3954 864 4016 autem
886 3931 959 4018 hoc
971 3935 1111 4020 ultimo
1123 3934 1350 4037 inueniatur,
1367 3935 1435 4020 hic
1459 3957 1521 4020 ta·

277 4061 365 4122 men
377 4039 540 4146 primum
561 4041 696 4152 incipit
716 4041 905 4150 obligatio
922 4043 1074 4156 Legum
1087 4043 1351 4146 Naturalium,
1373 4073 1518 4180 nempe

1383 4181 1519 4268 acog·
