3400 4566
286 209 380 356 308
507 173 570 302 Dc
601 196 712 332 Lege
731 189 916 292 Natura
945 185 1113 326 ejrlsqur
1124 179 1388 323 obligatione.

285 423 445 484 caeteros
462 419 594 478 omnes
608 413 684 473 tarn
707 385 774 472 diu
799 381 984 492 subjicere
1007 405 1187 483 conetur,
1210 381 1411 495 quamdiu
1435 384 1533 469 altos

286 506 401 595 ellel
424 505 560 616 quibus
575 500 642 586 sibi
657 495 870 581 cavendum
893 492 971 576 else
987 493 1133 577 viderit.
1174 493 1217 576 ld
1232 519 1360 578 aurem
1373 497 1450 577 erit
1463 495 1534 578 do-

286 647 359 706 nec
380 643 477 699 unus
497 612 593 696 solus
621 605 789 720 supersit,
812 609 973 713 totique
993 627 1096 686 terra
1121 629 1324 688 commune
1349 603 1419 686 stat
1442 605 1535 688 alio-

290 756 374 815 rum
389 725 560 808 omnium
586 719 836 831 sepulchrum.
881 715 1040 796 Auxilia
1065 712 1131 795 srbi
1151 741 1376 822 comparate
1399 716 1441 796 in
1465 715 1539 796 boc

292 837 392 918 statu
419 861 533 916 nemo
559 833 735 939 poterit3
762 826 853 934 quia
880 824 987 934 pasia
1008 845 1146 906 mutuae
1169 821 1274 923 fidei,
1294 822 1443 934 quibua
1459 821 1540 908 solia

290 951 386 1030 alios
422 944 490 1026 srbi
515 937 717 1050 quisquam
748 939 788 1018 in
821 936 1040 1020 societatem
1076 933 1288 1041 adjungere
1324 931 1467 1042 potest,
1494 931 1541 1014 ad

294 1061 396 1141 allus
420 1077 600 1136 externos
625 1051 815 1132 neminem
841 1047 880 1126 in
894 1045 969 1127 hoc
990 1043 1088 1124 llatu
1108 1041 1336 1152 obligabunt
1352 1054 1435 1126 Cio.
1450 1075 1484 1124 c.
1503 1066 1540 1122 2.

295 1170 332 1264 b.
363 1187 427 1244 11.
459 1159 724 1266 Nullaitaque
737 1155 792 1237 est
804 1182 875 1264 per
890 1155 1206 1263 anticipationem
1221 1153 1322 1252 hanc
1339 1152 1541 1236 securitas:

297 1273 493 1384 Adeoque
516 1269 542 1352 sr
568 1269 632 1350 vel
655 1265 844 1348 tantillum
861 1259 904 1344 stt
929 1262 1139 1346 securitatis
1153 1265 1194 1345 iu
1208 1285 1359 1366 natura,
1378 1267 1543 1363 ratione,

298 1409 365 1468 aut
387 1380 619 1466 conscientia
645 1376 874 1478 hominum,
915 1372 1026 1455 srvel
1051 1373 1247 1455 minimum
1280 1373 1543 1484 propendeant

299 1521 434 1578 eorum
458 1489 584 1572 saltem
601 1488 716 1592 pauci
732 1489 773 1570 in
790 1483 1097 1592 prosecutionem
1109 1482 1330 1566 Communis
1347 1483 1453 1582 boni,
1463 1511 1546 1593 quo

299 1609 363 1689 sua
379 1599 542 1710 ipsorum
565 1596 742 1679 soelicitas
765 1596 1001 1690 continetur,
1025 1591 1168 1673 homini
1189 1614 1342 1700 parcent
1364 1592 1544 1677 innocen·

301 1715 346 1812 ti,
369 1719 410 1795 br
434 1707 643 1804 benevolo,
664 1707 733 1814 qui
759 1700 902 1786 aslibus
929 1700 1094 1782 externis
1120 1729 1332 1785 eosomnes
1354 1700 1548 1784 demereri

300 1821 463 1928 satagit:
496 1811 655 1924 eitisque
678 1810 779 1900 adeb
805 1808 978 1894 securitas
992 1809 1064 1893 erit
1087 1816 1210 1916 major
1229 1815 1343 1920 quiam
1360 1835 1408 1894 ex
1433 1813 1547 1894 Anti·

303 1935 504 2042 cipatione
518 1927 658 2038 sperari
674 1918 785 2033 possit
798 1949 812 2017 ς
826 1920 914 2028 quia
930 1921 993 2002 1113
1008 1918 1157 2027 prorsus
1169 1923 1269 2004 nulla
1282 1921 1347 2004 est.

360 2035 623 2141 Qrinetiami
654 2029 689 2114 se
719 2029 895 2114 Hobbius
920 2035 961 2114 in
986 2027 1083 2113 slatu
1106 2030 1170 2114 suo
1193 2033 1356 2115 naturali
1381 2031 1547 2141 aliquem

304 2151 433 2234 saltem
462 2145 538 2230 elle
559 2063 667 2252 posi'e
688 2142 849 2250 agnovit
897 2137 1148 2224 uisecuudirm
1168 2143 1421 2251 aequalitatem
1438 2165 1551 2224 natu·

306 2261 426 2342 ralem
445 2257 641 2366 permittet
656 2254 796 2334 caeteris
820 2171 954 2334 eadem
982 2255 1109 2333 omnia
1124 2277 1208 2360 quae
1223 2253 1289 2334 srbi
1307 2276 1386 2360 cap.
1405 2273 1442 2330 1·-
1458 2252 1497 2348 §.
1509 2275 1548 2354 4.

308 2375 349 2454 &
362 2367 389 2450 st
402 2369 464 2449 vel
479 2361 830 2473 pauci-hujusmodi
854 2360 1027 2443 homiues
1040 2359 1137 2444 inter
1159 2359 1195 2444 se
1214 2360 1407 2445 socientur
1424 2362 1552 2468 partis,

205 2485 208 2490 ’
306 2509 392 2591 quae
418 2477 473 2556 illi
487 2470 693 2582 agnoscent
717 2473 758 2554 in
776 2469 993 2555 Commune
1015 2471 1177 2571 bonurn,
1197 2473 1262 2556 cui
1291 2471 1458 2570 student,
1478 2469 1552 2552 elie
1688 2531 1689 2542 r

309 2586 454 2684 valida,
484 2583 597 2688 pauci
619 2581 671 2665 illi
690 2581 712 2666 “a
732 2578 873 2664 caeteris
891 2580 1083 2686 omnibus,
1096 2582 1239 2665 mutuis
1262 2582 1364 2666 odiis
1385 2569 1551 2663 &bellis
1688 2597 1689 2600 ‘

310 2697 407 2778 inter
423 2695 459 2775 se
471 2691 737 2800 flagrantibus,
750 2689 824 2772 sese
839 2690 1186 2774 faciletuebuntur.
1688 2703 1689 2714 ‘

365 2806 506 2886 Mirum
527 2797 757 2884 interimest
782 2799 895 2908 qudd
919 2799 1099 2885 Hobbius
1119 2829 1200 2887 non
1215 2801 1360 2885 viderit
1382 2800 1479 2882 mala
1493 2802 1554 2884 1113

141 2921 145 2928 ’
311 2918 511 2997 innumera
537 2909 654 2992 statlrs
685 2906 772 2990 belli
795 2911 834 2992 in
857 2935 987 2992 omnes
1025 2908 1192 2996 sufficere
1224 2911 1272 2994 ad
1307 2911 1558 2995 deterrendos
1687 2889 1689 2912 ¹

312 3049 446 3107 omnes
473 3019 510 3102 in
533 3019 633 3104 statu
647 3019 805 3100 Naturae
825 3019 848 3103 a
872 3016 1007 3102 vesana
1030 3020 1188 3104 libidine
1202 3021 1297 3104 alios
1311 3049 1444 3104 omnes
1464 3047 1558 3130 prae·
1687 3037 1689 3114 j

245 3233 249 3240 .
313 3127 557 3241 06ΰῦΡὲῦᾶὶὸ
587 3128 770 3241 quoniam
798 3128 889 3212 nihil
914 3129 1015 3210 aliud
1040 3127 1167 3236 posuit
1197 3156 1335 3238 praeter
1360 3133 1461 3212 mala
1487 3130 1560 3212 hu·
1687 3147 1689 3158 ¹

314 3241 475 3347 jusmodi
491 3241 597 3339 belli,
616 3238 756 3349 quibua
774 3237 946 3324 homines
967 3245 1005 3321 in
1022 3239 1121 3322 statu
1135 3241 1257 3322 Civili
1275 3242 1352 3347 jam
1367 3239 1482 3349 pofiti
1495 3241 1562 3324 de.
1688 3255 1689 3326 ᾗ

314 3373 550 3444 terrerentur
575 3351 597 3432 ὲ
621 3351 782 3432 crimine
801 3347 890 3429 laesae
922 3347 1146 3459 Maiestatis,
1172 3357 1213 3436 &
1246 3353 1269 3436 i
1294 3349 1562 3452 seditionibur,
1685 3385 1689 3408 ‹

315 3461 456 3572 quibus
482 3457 628 3540 Civitas
656 3455 889 3556 dissolvitur,
918 3457 1130 3567 &Legum
1160 3459 1341 3544 Ciuilium
1367 3461 1562 3570 obligatio

317 3572 439 3654 omnis
467 3569 630 3651 tollitur.
663 3579 720 3646 De
747 3577 836 3646 cive
857 3598 891 3647 c.
907 3589 969 3670 14.
987 3571 1025 3666 l.
1042 3593 1108 3669 21,
1124 3592 1187 3652 22.
1219 3570 1435 3654 Contendit
1459 3573 1563 3654 enirn
1643 3587 1656 3609 ⁶

319 3681 523 3782 Peccatum
544 3676 640 3760 illud
654 3675 763 3784 quod
781 3704 849 3784 per
865 3677 1008 3784 Legem
1019 3680 1229 3762 naturalem
1245 3679 1299 3766 est
1312 3684 1462 3764 crimen
1473 3681 1563 3764 laesae

319 3787 530 3889 Maiestatis
552 3789 639 3893 legis
663 3789 852 3871 Naturalis
877 3783 1184 3897 transgreffronem
1205 3790 1286 3897 affe,
1308 3822 1380 3874 non
1401 3794 1565 3888 Civilis5

319 3896 487 4006 ideoque
506 3897 679 3994 rebelles,
705 3927 748 3979 ac
766 3895 980 4006 proditores
995 3899 1122 4007 puniri
1148 3929 1223 3982 nou
1239 3927 1282 3984 ut
1296 3904 1415 3986 malos
1428 3900 1565 3998 Cives,
1679 3901 1684 3911 “

319 4005 385 4090 sed
407 4029 450 4089 ut
465 4005 637 4088 Civitatis
657 4008 813 4104 hostera
843 4035 916 4100 nec
945 4009 1033 4112 jure
1057 4010 1219 4114 imperii,
1250 4011 1314 4096 sed
1338 4015 1426 4116 jure
1457 4009 1563 4092 belli.

322 4117 464 4202 Obiter
484 4117 625 4230 dicam,
649 4113 782 4224 Crude
799 4119 905 4204 nimis
922 4119 964 4202 8<
988 4120 1136 4206 temere
1149 4121 1249 4208 inter
1262 4119 1299 4206 se
1322 4121 1566 4313 opponigglpp
