<?xml version="1.0" encoding="UTF-8"?>
<!DOCTYPE html PUBLIC "-//W3C//DTD XHTML 1.0 Transitional//EN"
    "http://www.w3.org/TR/xhtml1/DTD/xhtml1-transitional.dtd">
<html xmlns="http://www.w3.org/1999/xhtml" xml:lang="en" lang="en">
 <head>
  <title>
</title>
<meta http-equiv="Content-Type" content="text/html;charset=utf-8" />
  <meta name='ocr-system' content='tesseract 3.04.00' />
  <meta name='ocr-capabilities' content='ocr_page ocr_carea ocr_par ocr_line ocrx_word'/>
</head>
<body>
  <div class='ocr_page' id='page_1' title='image "./delegibusnatura00cumbgoog_0061.png"; bbox 0 0 3418 4568; ppageno 0'>
   <div class='ocr_carea' id='block_1_1' title="bbox 680 149 1010 284">
    <p class='ocr_par' dir='ltr' id='par_1_1' title="bbox 680 149 1010 284">
     <span class='ocr_line' id='line_1_1' title="bbox 680 149 1010 284; baseline 0.03 -40"><span class='ocrx_word' id='word_1_1' title='bbox 680 149 1010 284; x_wconf 83' lang='lat' dir='ltr'><em>Prolcgomena.</em></span> 
     </span>
    </p>
   </div>
   <div class='ocr_carea' id='block_1_2' title="bbox 155 317 1511 2194">
    <p class='ocr_par' dir='ltr' id='par_1_2' title="bbox 155 317 1511 2194">
     <span class='ocr_line' id='line_1_2' title="bbox 224 317 1465 440; baseline 0.002 -32"><span class='ocrx_word' id='word_1_2' title='bbox 224 340 303 440; x_wconf 83' lang='lat' dir='ltr'><em>ejas</em></span> <span class='ocrx_word' id='word_1_3' title='bbox 317 341 438 406; x_wconf 88' lang='lat' dir='ltr'><em>autern</em></span> <span class='ocrx_word' id='word_1_4' title='bbox 447 317 669 432; x_wconf 71' lang='lat' dir='ltr'><em>amissionem</em></span> <span class='ocrx_word' id='word_1_5' title='bbox 677 325 928 433; x_wconf 84' lang='lat' dir='ltr'><em>velutpcnam</em></span> <span class='ocrx_word' id='word_1_6' title='bbox 941 351 1010 404; x_wconf 90' lang='lat' dir='ltr'><em>non</em></span> <span class='ocrx_word' id='word_1_7' title='bbox 1025 317 1145 403; x_wconf 79' lang='lat' dir='ltr'><em>minias</em></span> <span class='ocrx_word' id='word_1_8' title='bbox 1156 328 1374 410; x_wconf 77' lang='lat' dir='ltr'><em>naturaliter</em></span> <span class='ocrx_word' id='word_1_9' title='bbox 1385 359 1465 410; x_wconf 89' lang='lat' dir='ltr'><em>cum</em></span> 
     </span>
     <span class='ocr_line' id='line_1_3' title="bbox 224 430 1462 542; baseline -0.002 -24"><span class='ocrx_word' id='word_1_10' title='bbox 224 438 363 520; x_wconf 68' lang='lat' dir='ltr'><em>anetae</em></span> <span class='ocrx_word' id='word_1_11' title='bbox 375 435 481 516; x_wconf 74' lang='lat' dir='ltr'><em>nato</em></span> <span class='ocrx_word' id='word_1_12' title='bbox 503 430 745 514; x_wconf 68' lang='lat' dir='ltr'><em>coherentem.</em></span> <span class='ocrx_word' id='word_1_13' title='bbox 800 445 892 542; x_wconf 72' lang='lat' dir='ltr'><em>Qec</em></span> <span class='ocrx_word' id='word_1_14' title='bbox 917 444 1014 514; x_wconf 83' lang='lat' dir='ltr'><em>enim</em></span> <span class='ocrx_word' id='word_1_15' title='bbox 1024 435 1187 518; x_wconf 79' lang='lat' dir='ltr'><em>bonnuel</em></span> <span class='ocrx_word' id='word_1_16' title='bbox 1205 440 1303 516; x_wconf 85' lang='lat' dir='ltr'><em>nsala</em></span> <span class='ocrx_word' id='word_1_17' title='bbox 1325 440 1462 520; x_wconf 72' lang='lat' dir='ltr'><em>ollibus</em></span> 
     </span>
     <span class='ocr_line' id='line_1_4' title="bbox 223 542 1466 653; baseline -0.002 -26"><span class='ocrx_word' id='word_1_18' title='bbox 223 543 707 642; x_wconf 57' lang='lat' dir='ltr'><em>hominnm&#39;conneiinntum</em></span> <span class='ocrx_word' id='word_1_19' title='bbox 732 542 855 623; x_wconf 88' lang='lat' dir='ltr'><em>cadem</em></span> <span class='ocrx_word' id='word_1_20' title='bbox 870 551 982 623; x_wconf 86' lang='lat' dir='ltr'><em>etiam</em></span> <span class='ocrx_word' id='word_1_21' title='bbox 992 552 1035 622; x_wconf 91' lang='lat' dir='ltr'><em>in</em></span> <span class='ocrx_word' id='word_1_22' title='bbox 1061 543 1466 653; x_wconf 60' lang='lat' dir='ltr'><em>didaminibuspralli·</em></span> 
     </span>
     <span class='ocr_line' id='line_1_5' title="bbox 223 649 1466 762; baseline -0.002 -26"><span class='ocrx_word' id='word_1_23' title='bbox 223 667 277 738; x_wconf 82' lang='lat' dir='ltr'><em>cir</em></span> <span class='ocrx_word' id='word_1_24' title='bbox 304 657 446 736; x_wconf 74' lang='lat' dir='ltr'><em>eduum</em></span> <span class='ocrx_word' id='word_1_25' title='bbox 468 649 613 734; x_wconf 76' lang='lat' dir='ltr'><em>otoenn</em></span> <span class='ocrx_word' id='word_1_26' title='bbox 637 651 883 762; x_wconf 72' lang='lat' dir='ltr'><em>consequentia</em></span> <span class='ocrx_word' id='word_1_27' title='bbox 905 649 1277 734; x_wconf 76' lang='lat' dir='ltr'><em>verienunctanutn</em></span> <span class='ocrx_word' id='word_1_28' title='bbox 1291 665 1466 737; x_wconf 79' lang='lat' dir='ltr'><em>contineri</em></span> 
     </span>
     <span class='ocr_line' id='line_1_6' title="bbox 222 761 1466 874; baseline -0.003 -28"><span class='ocrx_word' id='word_1_29' title='bbox 222 761 352 870; x_wconf 82' lang='lat' dir='ltr'><em>ncceffe</em></span> <span class='ocrx_word' id='word_1_30' title='bbox 382 761 462 866; x_wconf 81' lang='lat' dir='ltr'><em>effe.</em></span> <span class='ocrx_word' id='word_1_31' title='bbox 515 763 592 874; x_wconf 86' lang='lat' dir='ltr'><em>Ipse</em></span> <span class='ocrx_word' id='word_1_32' title='bbox 618 776 718 844; x_wconf 83' lang='lat' dir='ltr'><em>Deus</em></span> <span class='ocrx_word' id='word_1_33' title='bbox 737 781 858 844; x_wconf 89' lang='lat' dir='ltr'><em>autern</em></span> <span class='ocrx_word' id='word_1_34' title='bbox 871 791 913 842; x_wconf 90' lang='lat' dir='ltr'><em>ea</em></span> <span class='ocrx_word' id='word_1_35' title='bbox 934 761 1307 872; x_wconf 70' lang='lat' dir='ltr'><em>dillaminaprallica</em></span> <span class='ocrx_word' id='word_1_36' title='bbox 1321 776 1466 846; x_wconf 86' lang='lat' dir='ltr'><em>enunci-</em></span> 
     </span>
     <span class='ocr_line' id='line_1_7' title="bbox 222 870 1466 984; baseline 0 -28"><span class='ocrx_word' id='word_1_37' title='bbox 222 870 524 979; x_wconf 81' lang='lat' dir='ltr'><em>areinte‘lls&#39;gitur,</em></span> <span class='ocrx_word' id='word_1_38' title='bbox 547 871 654 984; x_wconf 74' lang='lat' dir='ltr'><em>quel</em></span> <span class='ocrx_word' id='word_1_39' title='bbox 675 889 810 951; x_wconf 87' lang='lat' dir='ltr'><em>natura</em></span> <span class='ocrx_word' id='word_1_40' title='bbox 834 875 1016 953; x_wconf 63' lang='lat' dir='ltr'><em>allianum</em></span> <span class='ocrx_word' id='word_1_41' title='bbox 1040 901 1086 953; x_wconf 93' lang='lat' dir='ltr'><em>no</em></span> <span class='ocrx_word' id='word_1_42' title='bbox 1119 903 1243 954; x_wconf 87' lang='lat' dir='ltr'><em>rarum</em></span> <span class='ocrx_word' id='word_1_43' title='bbox 1266 873 1466 956; x_wconf 72' lang='lat' dir='ltr'><em>alioruimne</em></span> 
     </span>
     <span class='ocr_line' id='line_1_8' title="bbox 222 978 1466 1096; baseline 0 -31"><span class='ocrx_word' id='word_1_44' title='bbox 222 983 465 1067; x_wconf 87' lang='lat' dir='ltr'><em>rationalium</em></span> <span class='ocrx_word' id='word_1_45' title='bbox 487 979 678 1086; x_wconf 75' lang='lat' dir='ltr'><em>ncccfflsrih</em></span> <span class='ocrx_word' id='word_1_46' title='bbox 703 983 884 1062; x_wconf 84' lang='lat' dir='ltr'><em>mentibus</em></span> <span class='ocrx_word' id='word_1_47' title='bbox 906 978 1037 1092; x_wconf 75' lang='lat' dir='ltr'><em>nostris</em></span> <span class='ocrx_word' id='word_1_48' title='bbox 1079 1001 1312 1091; x_wconf 70' lang='lat' dir='ltr'><em>aggeruntur,</em></span> <span class='ocrx_word' id='word_1_49' title='bbox 1331 980 1466 1096; x_wconf 72' lang='lat' dir='ltr'><em>&amp;quc</em></span> 
     </span>
     <span class='ocr_line' id='line_1_9' title="bbox 223 1087 1465 1225; baseline 0.001 -50"><span class='ocrx_word' id='word_1_50' title='bbox 223 1091 316 1184; x_wconf 72' lang='lat' dir='ltr'><em>aare</em></span> <span class='ocrx_word' id='word_1_51' title='bbox 331 1090 535 1200; x_wconf 79' lang='lat' dir='ltr'><em>predicunt</em></span> <span class='ocrx_word' id='word_1_52' title='bbox 547 1091 694 1225; x_wconf 72' lang='lat' dir='ltr'><em>eseliae</em></span> <span class='ocrx_word' id='word_1_53' title='bbox 706 1087 795 1169; x_wconf 80' lang='lat' dir='ltr'><em>indl</em></span> <span class='ocrx_word' id='word_1_54' title='bbox 798 1089 999 1196; x_wconf 88' lang='lat' dir='ltr'><em>secuturos.</em></span> <span class='ocrx_word' id='word_1_55' title='bbox 1056 1104 1155 1171; x_wconf 84' lang='lat' dir='ltr'><em>Bona</em></span> <span class='ocrx_word' id='word_1_56' title='bbox 1167 1111 1286 1172; x_wconf 89' lang='lat' dir='ltr'><em>autem</em></span> <span class='ocrx_word' id='word_1_57' title='bbox 1301 1094 1353 1181; x_wconf 63' lang='lat' dir='ltr'><em>(r</em></span> <span class='ocrx_word' id='word_1_58' title='bbox 1368 1097 1465 1176; x_wconf 87' lang='lat' dir='ltr'><em>mala</em></span> 
     </span>
     <span class='ocr_line' id='line_1_10' title="bbox 223 1197 1462 1302; baseline 0.002 -18"><span class='ocrx_word' id='word_1_59' title='bbox 223 1211 268 1284; x_wconf 88' lang='lat' dir='ltr'><em>irs</em></span> <span class='ocrx_word' id='word_1_60' title='bbox 287 1201 542 1284; x_wconf 62' lang='lat' dir='ltr'><em>dilloninibus</em></span> <span class='ocrx_word' id='word_1_61' title='bbox 564 1229 586 1280; x_wconf 90' lang='lat' dir='ltr'><em>a</em></span> <span class='ocrx_word' id='word_1_62' title='bbox 612 1213 689 1283; x_wconf 88' lang='lat' dir='ltr'><em>Deo</em></span> <span class='ocrx_word' id='word_1_63' title='bbox 709 1209 910 1282; x_wconf 86' lang='lat' dir='ltr'><em>enunciatir</em></span> <span class='ocrx_word' id='word_1_64' title='bbox 939 1199 1078 1283; x_wconf 71' lang='lat' dir='ltr'><em>adstas</em></span> <span class='ocrx_word' id='word_1_65' title='bbox 1110 1197 1275 1282; x_wconf 85' lang='lat' dir='ltr'><em>humanis</em></span> <span class='ocrx_word' id='word_1_66' title='bbox 1298 1232 1462 1302; x_wconf 79' lang='lat' dir='ltr'><em>annexa,</em></span> 
     </span>
     <span class='ocr_line' id='line_1_11' title="bbox 223 1306 1464 1425; baseline 0 -31"><span class='ocrx_word' id='word_1_67' title='bbox 223 1315 348 1425; x_wconf 80' lang='lat' dir='ltr'><em>quibus</em></span> <span class='ocrx_word' id='word_1_68' title='bbox 382 1340 564 1394; x_wconf 87' lang='lat' dir='ltr'><em>monemur</em></span> <span class='ocrx_word' id='word_1_69' title='bbox 594 1306 658 1390; x_wconf 88' lang='lat' dir='ltr'><em>hos</em></span> <span class='ocrx_word' id='word_1_70' title='bbox 696 1307 861 1421; x_wconf 79' lang='lat' dir='ltr'><em>prosequi</em></span> <span class='ocrx_word' id='word_1_71' title='bbox 890 1306 973 1389; x_wconf 88' lang='lat' dir='ltr'><em>illos</em></span> <span class='ocrx_word' id='word_1_72' title='bbox 1008 1327 1129 1392; x_wconf 90' lang='lat' dir='ltr'><em>autem</em></span> <span class='ocrx_word' id='word_1_73' title='bbox 1162 1325 1317 1409; x_wconf 80' lang='lat' dir='ltr'><em>evitare,</em></span> <span class='ocrx_word' id='word_1_74' title='bbox 1366 1327 1464 1394; x_wconf 88' lang='lat' dir='ltr'><em>inte·</em></span> 
     </span>
     <span class='ocr_line' id='line_1_12' title="bbox 215 1419 1462 1531; baseline 0.001 -27"><span class='ocrx_word' id='word_1_75' title='bbox 215 1452 325 1528; x_wconf 87' lang='lat' dir='ltr'><em>gram</em></span> <span class='ocrx_word' id='word_1_76' title='bbox 344 1429 387 1503; x_wconf 86' lang='lat' dir='ltr'><em>in</em></span> <span class='ocrx_word' id='word_1_77' title='bbox 410 1421 455 1531; x_wconf 92' lang='lat' dir='ltr'><em>sc</em></span> <span class='ocrx_word' id='word_1_78' title='bbox 477 1429 661 1506; x_wconf 81' lang='lat' dir='ltr'><em>continent</em></span> <span class='ocrx_word' id='word_1_79' title='bbox 699 1430 903 1501; x_wconf 85' lang='lat' dir='ltr'><em>semiorum</em></span> <span class='ocrx_word' id='word_1_80' title='bbox 920 1419 1180 1530; x_wconf 76' lang='lat' dir='ltr'><em>penarslmque</em></span> <span class='ocrx_word' id='word_1_81' title='bbox 1200 1423 1462 1528; x_wconf 82' lang='lat' dir='ltr'><em>definitionem.</em></span> 
     </span>
     <span class='ocr_line' id='line_1_13' title="bbox 219 1443 1463 1648; baseline 0 -36"><span class='ocrx_word' id='word_1_82' title='bbox 219 1546 266 1614; x_wconf 87' lang='lat' dir='ltr'><em>In</em></span> <span class='ocrx_word' id='word_1_83' title='bbox 290 1532 348 1614; x_wconf 85' lang='lat' dir='ltr'><em>his</em></span> <span class='ocrx_word' id='word_1_84' title='bbox 373 1551 493 1614; x_wconf 90' lang='lat' dir='ltr'><em>autern</em></span> <span class='ocrx_word' id='word_1_85' title='bbox 530 1443 703 1648; x_wconf 63' lang='lat' dir='ltr'><em>corsenhs</em></span> <span class='ocrx_word' id='word_1_86' title='bbox 737 1547 816 1610; x_wconf 87' lang='lat' dir='ltr'><em>tum</em></span> <span class='ocrx_word' id='word_1_87' title='bbox 842 1557 924 1612; x_wconf 87' lang='lat' dir='ltr'><em>cuns</em></span> <span class='ocrx_word' id='word_1_88' title='bbox 944 1527 1020 1609; x_wconf 82' lang='lat' dir='ltr'><em>illis</em></span> <span class='ocrx_word' id='word_1_89' title='bbox 1040 1539 1105 1640; x_wconf 88' lang='lat' dir='ltr'><em>qui</em></span> <span class='ocrx_word' id='word_1_90' title='bbox 1125 1543 1304 1613; x_wconf 82' lang='lat' dir='ltr'><em>virtutem</em></span> <span class='ocrx_word' id='word_1_91' title='bbox 1320 1535 1463 1642; x_wconf 82' lang='lat' dir='ltr'><em>salici·</em></span> 
     </span>
     <span class='ocr_line' id='line_1_14' title="bbox 217 1636 1511 1752; baseline -0.003 -26"><span class='ocrx_word' id='word_1_92' title='bbox 217 1661 330 1726; x_wconf 86' lang='lat' dir='ltr'><em>tatem</em></span> <span class='ocrx_word' id='word_1_93' title='bbox 358 1651 399 1722; x_wconf 92' lang='lat' dir='ltr'><em>in</em></span> <span class='ocrx_word' id='word_1_94' title='bbox 409 1639 456 1750; x_wconf 88' lang='lat' dir='ltr'><em>se</em></span> <span class='ocrx_word' id='word_1_95' title='bbox 479 1648 660 1724; x_wconf 87' lang='lat' dir='ltr'><em>continere</em></span> <span class='ocrx_word' id='word_1_96' title='bbox 674 1649 791 1738; x_wconf 82' lang='lat' dir='ltr'><em>aium,</em></span> <span class='ocrx_word' id='word_1_97' title='bbox 803 1639 945 1750; x_wconf 82' lang='lat' dir='ltr'><em>filique</em></span> <span class='ocrx_word' id='word_1_98' title='bbox 965 1636 1055 1720; x_wconf 74' lang='lat' dir='ltr'><em>adeo</em></span> <span class='ocrx_word' id='word_1_99' title='bbox 1076 1637 1142 1744; x_wconf 83' lang='lat' dir='ltr'><em>effe</em></span> <span class='ocrx_word' id='word_1_100' title='bbox 1162 1651 1362 1752; x_wconf 81' lang='lat' dir='ltr'><em>premium,</em></span> <span class='ocrx_word' id='word_1_101' title='bbox 1385 1663 1462 1724; x_wconf 87' lang='lat' dir='ltr'><em>tuns</em></span> <span class='ocrx_word' id='word_1_102' title='bbox 1508 1645 1511 1652; x_wconf 87' lang='lat'>&#39;</span> 
     </span>
     <span class='ocr_line' id='line_1_15' title="bbox 219 1749 1462 1864; baseline 0.001 -30"><span class='ocrx_word' id='word_1_103' title='bbox 219 1781 299 1834; x_wconf 88' lang='lat' dir='ltr'><em>curn</em></span> <span class='ocrx_word' id='word_1_104' title='bbox 317 1755 405 1836; x_wconf 85' lang='lat' dir='ltr'><em>aliis</em></span> <span class='ocrx_word' id='word_1_105' title='bbox 426 1761 489 1864; x_wconf 86' lang='lat' dir='ltr'><em>qni</em></span> <span class='ocrx_word' id='word_1_106' title='bbox 512 1753 588 1834; x_wconf 88' lang='lat' dir='ltr'><em>alia</em></span> <span class='ocrx_word' id='word_1_107' title='bbox 611 1749 927 1859; x_wconf 68' lang='lat' dir='ltr'><em>infirpcrspehlant</em></span> <span class='ocrx_word' id='word_1_108' title='bbox 942 1749 1034 1831; x_wconf 87' lang='lat' dir='ltr'><em>borsa</em></span> <span class='ocrx_word' id='word_1_109' title='bbox 1059 1764 1196 1834; x_wconf 83' lang='lat' dir='ltr'><em>Mentis</em></span> <span class='ocrx_word' id='word_1_110' title='bbox 1219 1769 1282 1833; x_wconf 92' lang='lat' dir='ltr'><em>aut</em></span> <span class='ocrx_word' id='word_1_111' title='bbox 1295 1763 1462 1860; x_wconf 71' lang='lat' dir='ltr'><em>corporis</em></span> 
     </span>
     <span class='ocr_line' id='line_1_16' title="bbox 219 1853 1461 1972; baseline 0.002 -30"><span class='ocrx_word' id='word_1_112' title='bbox 219 1860 243 1942; x_wconf 69' lang='grc' dir='ltr'><em>ὲ</em></span> <span class='ocrx_word' id='word_1_113' title='bbox 266 1857 394 1964; x_wconf 62' lang='lat' dir='ltr'><em>Demi</em></span> <span class='ocrx_word' id='word_1_114' title='bbox 413 1870 563 1972; x_wconf 78' lang='lat' dir='ltr'><em>propria</em></span> <span class='ocrx_word' id='word_1_115' title='bbox 592 1853 858 1966; x_wconf 67' lang='lat' dir='ltr'><em>consenuerat</em></span> <span class='ocrx_word' id='word_1_116' title='bbox 872 1855 1026 1963; x_wconf 84' lang='lat' dir='ltr'><em>senilia</em></span> <span class='ocrx_word' id='word_1_117' title='bbox 1038 1877 1100 1939; x_wconf 89' lang='lat' dir='ltr'><em>aut</em></span> <span class='ocrx_word' id='word_1_118' title='bbox 1117 1869 1261 1968; x_wconf 71' lang='lat' dir='ltr'><em>anien,</em></span> <span class='ocrx_word' id='word_1_119' title='bbox 1279 1859 1300 1942; x_wconf 74' lang='lat' dir='ltr'><em>h</em></span> <span class='ocrx_word' id='word_1_120' title='bbox 1315 1872 1461 1944; x_wconf 82' lang='lat' dir='ltr'><em>civita·</em></span> 
     </span>
     <span class='ocr_line' id='line_1_17' title="bbox 216 1967 1460 2082; baseline -0.002 -26"><span class='ocrx_word' id='word_1_121' title='bbox 216 1991 252 2056; x_wconf 91' lang='lat' dir='ltr'><em>tc</em></span> <span class='ocrx_word' id='word_1_122' title='bbox 262 1973 411 2082; x_wconf 75' lang='lat' dir='ltr'><em>suaaut</em></span> <span class='ocrx_word' id='word_1_123' title='bbox 432 1971 609 2050; x_wconf 80' lang='lat' dir='ltr'><em>Gentibus</em></span> <span class='ocrx_word' id='word_1_124' title='bbox 633 1967 1038 2075; x_wconf 69' lang='lat' dir='ltr'><em>exterisescpcllanda3</em></span> <span class='ocrx_word' id='word_1_125' title='bbox 1058 1970 1138 2073; x_wconf 80' lang='lat' dir='ltr'><em>sive</em></span> <span class='ocrx_word' id='word_1_126' title='bbox 1151 1969 1223 2050; x_wconf 86' lang='lat' dir='ltr'><em>illis</em></span> <span class='ocrx_word' id='word_1_127' title='bbox 1237 1981 1276 2052; x_wconf 88' lang='lat' dir='ltr'><em>in</em></span> <span class='ocrx_word' id='word_1_128' title='bbox 1301 1970 1460 2054; x_wconf 83' lang='lat' dir='ltr'><em>hacuitae</em></span> 
     </span>
     <span class='ocr_line' id='line_1_18' title="bbox 155 2073 1461 2194; baseline -0.004 -31"><span class='ocrx_word' id='word_1_129' title='bbox 155 2167 162 2178; x_wconf 67' lang='grc'>,</span> <span class='ocrx_word' id='word_1_130' title='bbox 207 2085 400 2194; x_wconf 77' lang='lat' dir='ltr'><em>fruamur,</em></span> <span class='ocrx_word' id='word_1_131' title='bbox 415 2077 494 2194; x_wconf 77' lang='lat' dir='ltr'><em>fine</em></span> <span class='ocrx_word' id='word_1_132' title='bbox 517 2085 558 2156; x_wconf 86' lang='lat' dir='ltr'><em>in</em></span> <span class='ocrx_word' id='word_1_133' title='bbox 574 2078 709 2184; x_wconf 82' lang='lat' dir='ltr'><em>sutura</em></span> <span class='ocrx_word' id='word_1_134' title='bbox 719 2073 912 2182; x_wconf 79' lang='lat' dir='ltr'><em>speramus</em></span> <span class='ocrx_word' id='word_1_135' title='bbox 937 2083 1090 2156; x_wconf 75' lang='lat' dir='ltr'><em>rationis</em></span> <span class='ocrx_word' id='word_1_136' title='bbox 1099 2075 1219 2185; x_wconf 86' lang='lat' dir='ltr'><em>juffis.</em></span> <span class='ocrx_word' id='word_1_137' title='bbox 1278 2075 1461 2162; x_wconf 80' lang='lat' dir='ltr'><em>mutntn·</em></span> 
     </span>
    </p>
   </div>
   <div class='ocr_carea' id='block_1_3' title="bbox 217 2181 1695 2305">
    <p class='ocr_par' dir='ltr' id='par_1_3' title="bbox 217 2181 1695 2305">
     <span class='ocr_line' id='line_1_19' title="bbox 217 2181 1695 2305; baseline -0.008 -29"><span class='ocrx_word' id='word_1_138' title='bbox 217 2221 287 2305; x_wconf 85' lang='lat' dir='ltr'><em>que</em></span> <span class='ocrx_word' id='word_1_139' title='bbox 300 2189 449 2272; x_wconf 85' lang='lat' dir='ltr'><em>videtur</em></span> <span class='ocrx_word' id='word_1_140' title='bbox 474 2183 659 2270; x_wconf 80' lang='lat' dir='ltr'><em>methodus</em></span> <span class='ocrx_word' id='word_1_141' title='bbox 683 2181 808 2300; x_wconf 81' lang='lat' dir='ltr'><em>noslra</em></span> <span class='ocrx_word' id='word_1_142' title='bbox 831 2184 967 2268; x_wconf 80' lang='lat' dir='ltr'><em>exinde</em></span> <span class='ocrx_word' id='word_1_143' title='bbox 993 2185 1204 2291; x_wconf 83' lang='lat' dir='ltr'><em>confirmari</em></span> <span class='ocrx_word' id='word_1_144' title='bbox 1224 2186 1322 2300; x_wconf 74' lang='lat' dir='ltr'><em>quid</em></span> <span class='ocrx_word' id='word_1_145' title='bbox 1339 2217 1460 2272; x_wconf 88' lang='lat' dir='ltr'><em>omnes</em></span> <span class='ocrx_word' id='word_1_146' title='bbox 1550 2233 1552 2240; x_wconf 35' lang='grc' dir='ltr'><strong><em>ι</em></strong></span> <span class='ocrx_word' id='word_1_147' title='bbox 1686 2235 1695 2244; x_wconf 87' lang='lat'><em>-</em></span> 
     </span>
    </p>
   </div>
   <div class='ocr_carea' id='block_1_4' title="bbox 175 2293 1563 4163">
    <p class='ocr_par' dir='ltr' id='par_1_4' title="bbox 175 2293 1563 4163">
     <span class='ocr_line' id='line_1_20' title="bbox 212 2293 1460 2411; baseline -0.003 -27"><span class='ocrx_word' id='word_1_148' title='bbox 212 2321 390 2411; x_wconf 73' lang='lat' dir='ltr'><em>mesenque</em></span> <span class='ocrx_word' id='word_1_149' title='bbox 410 2295 558 2403; x_wconf 74' lang='lat' dir='ltr'><em>diverse</em></span> <span class='ocrx_word' id='word_1_150' title='bbox 576 2297 776 2408; x_wconf 86' lang='lat' dir='ltr'><em>sentientes</em></span> <span class='ocrx_word' id='word_1_151' title='bbox 791 2293 837 2376; x_wconf 86' lang='lat' dir='ltr'><em>dc</em></span> <span class='ocrx_word' id='word_1_152' title='bbox 860 2295 1024 2378; x_wconf 82' lang='lat' dir='ltr'><em>Moribus</em></span> <span class='ocrx_word' id='word_1_153' title='bbox 1036 2303 1077 2376; x_wconf 89' lang='lat' dir='ltr'><em>in</em></span> <span class='ocrx_word' id='word_1_154' title='bbox 1103 2295 1460 2407; x_wconf 87' lang='lat' dir='ltr'><em>hoctamcnconscn·</em></span> 
     </span>
     <span class='ocr_line' id='line_1_21' title="bbox 214 2400 1457 2518; baseline -0.002 -26"><span class='ocrx_word' id='word_1_155' title='bbox 214 2421 329 2509; x_wconf 79' lang='lat' dir='ltr'><em>siunt,</em></span> <span class='ocrx_word' id='word_1_156' title='bbox 344 2407 443 2491; x_wconf 78' lang='lat' dir='ltr'><em>actm</em></span> <span class='ocrx_word' id='word_1_157' title='bbox 455 2408 564 2489; x_wconf 89' lang='lat' dir='ltr'><em>bonos</em></span> <span class='ocrx_word' id='word_1_158' title='bbox 580 2405 721 2488; x_wconf 83' lang='lat' dir='ltr'><em>idoneis</em></span> <span class='ocrx_word' id='word_1_159' title='bbox 727 2413 883 2514; x_wconf 80' lang='lat' dir='ltr'><em>premiis</em></span> <span class='ocrx_word' id='word_1_160' title='bbox 895 2400 1088 2507; x_wconf 77' lang='lat' dir='ltr'><em>neceffisrih</em></span> <span class='ocrx_word' id='word_1_161' title='bbox 1106 2405 1380 2518; x_wconf 81' lang='lat' dir='ltr'><em>cehentsscndos</em></span> <span class='ocrx_word' id='word_1_162' title='bbox 1390 2408 1457 2514; x_wconf 74' lang='lat' dir='ltr'><em>effic</em></span> 
     </span>
     <span class='ocr_line' id='line_1_22' title="bbox 218 2511 1457 2628; baseline -0.005 -22"><span class='ocrx_word' id='word_1_163' title='bbox 218 2517 271 2606; x_wconf 67' lang='grc' dir='ltr'><em>ῥ’</em></span> <span class='ocrx_word' id='word_1_164' title='bbox 291 2515 403 2628; x_wconf 78' lang='lat' dir='ltr'><em>reipsl</em></span> <span class='ocrx_word' id='word_1_165' title='bbox 417 2511 664 2624; x_wconf 65' lang='lat' dir='ltr'><em>citudinis</em></span> <span class='ocrx_word' id='word_1_166' title='bbox 691 2514 805 2598; x_wconf 81' lang='lat' dir='ltr'><em>malos</em></span> <span class='ocrx_word' id='word_1_167' title='bbox 827 2519 1068 2620; x_wconf 78' lang='lat' dir='ltr'><em>autempenis</em></span> <span class='ocrx_word' id='word_1_168' title='bbox 1081 2514 1211 2622; x_wconf 84' lang='lat' dir='ltr'><em>neceffls</em></span> <span class='ocrx_word' id='word_1_169' title='bbox 1223 2515 1287 2622; x_wconf 83' lang='lat' dir='ltr'><em>ese</em></span> <span class='ocrx_word' id='word_1_170' title='bbox 1303 2537 1344 2599; x_wconf 88' lang='lat' dir='ltr'><em>nt</em></span> <span class='ocrx_word' id='word_1_171' title='bbox 1359 2547 1457 2600; x_wconf 88' lang='lat' dir='ltr'><em>coer·</em></span> 
     </span>
     <span class='ocr_line' id='line_1_23' title="bbox 216 2620 1455 2738; baseline 0.001 -28"><span class='ocrx_word' id='word_1_172' title='bbox 216 2649 366 2712; x_wconf 82' lang='lat' dir='ltr'><em>ceantur</em></span> <span class='ocrx_word' id='word_1_173' title='bbox 380 2623 444 2714; x_wconf 55' lang='lat' dir='ltr'><em>&amp;i</em></span> <span class='ocrx_word' id='word_1_174' title='bbox 458 2624 589 2710; x_wconf 73' lang='lat' dir='ltr'><em>seueri</em></span> <span class='ocrx_word' id='word_1_175' title='bbox 613 2636 762 2707; x_wconf 81' lang='lat' dir='ltr'><em>coeteri·</em></span> <span class='ocrx_word' id='word_1_176' title='bbox 822 2639 869 2705; x_wconf 86' lang='lat' dir='ltr'><em>In</em></span> <span class='ocrx_word' id='word_1_177' title='bbox 890 2623 947 2707; x_wconf 88' lang='lat' dir='ltr'><em>his</em></span> <span class='ocrx_word' id='word_1_178' title='bbox 959 2620 1059 2704; x_wconf 86' lang='lat' dir='ltr'><em>idem</em></span> <span class='ocrx_word' id='word_1_179' title='bbox 1058 2621 1228 2730; x_wconf 83' lang='lat' dir='ltr'><em>sentiunt</em></span> <span class='ocrx_word' id='word_1_180' title='bbox 1252 2624 1455 2738; x_wconf 79' lang='lat' dir='ltr'><em>Philosophi</em></span> 
     </span>
     <span class='ocr_line' id='line_1_24' title="bbox 216 2731 1459 2849; baseline 0 -31"><span class='ocrx_word' id='word_1_181' title='bbox 216 2758 388 2849; x_wconf 83' lang='lat' dir='ltr'><em>utcunque</em></span> <span class='ocrx_word' id='word_1_182' title='bbox 401 2733 495 2820; x_wconf 76' lang='lat' dir='ltr'><em>aliis</em></span> <span class='ocrx_word' id='word_1_183' title='bbox 507 2745 605 2820; x_wconf 89' lang='lat' dir='ltr'><em>inter</em></span> <span class='ocrx_word' id='word_1_184' title='bbox 616 2731 878 2842; x_wconf 76' lang='lat' dir='ltr'><em>selitigantes3</em></span> <span class='ocrx_word' id='word_1_185' title='bbox 906 2731 1005 2814; x_wconf 85' lang='lat' dir='ltr'><em>idem</em></span> <span class='ocrx_word' id='word_1_186' title='bbox 1024 2741 1306 2820; x_wconf 84' lang='lat' dir='ltr'><em>etiamomns&#39;um</em></span> <span class='ocrx_word' id='word_1_187' title='bbox 1317 2742 1459 2844; x_wconf 77' lang='lat' dir='ltr'><em>Religi-</em></span> 
     </span>
     <span class='ocr_line' id='line_1_25' title="bbox 216 2841 1459 2964; baseline -0.002 -34"><span class='ocrx_word' id='word_1_188' title='bbox 216 2877 327 2930; x_wconf 84' lang='lat' dir='ltr'><em>onum</em></span> <span class='ocrx_word' id='word_1_189' title='bbox 337 2847 578 2954; x_wconf 75' lang='lat' dir='ltr'><em>fundaturest</em></span> <span class='ocrx_word' id='word_1_190' title='bbox 605 2841 831 2954; x_wconf 70' lang='lat' dir='ltr'><em>omnishmque</em></span> <span class='ocrx_word' id='word_1_191' title='bbox 853 2859 985 2954; x_wconf 80' lang='lat' dir='ltr'><em>Legum</em></span> <span class='ocrx_word' id='word_1_192' title='bbox 1007 2846 1184 2928; x_wconf 75' lang='lat' dir='ltr'><em>Ciuilium</em></span> <span class='ocrx_word' id='word_1_193' title='bbox 1203 2852 1347 2932; x_wconf 87' lang='lat' dir='ltr'><em>latores.</em></span> <span class='ocrx_word' id='word_1_194' title='bbox 1388 2847 1459 2964; x_wconf 68' lang='lat' dir='ltr'><em>¹?ss</em></span> 
     </span>
     <span class='ocr_line' id='line_1_26' title="bbox 213 2953 1455 3067; baseline 0.001 -29"><span class='ocrx_word' id='word_1_195' title='bbox 213 2967 330 3038; x_wconf 85' lang='lat' dir='ltr'><em>etiam</em></span> <span class='ocrx_word' id='word_1_196' title='bbox 358 2955 414 3038; x_wconf 86' lang='lat' dir='ltr'><em>s&#39;lls&#39;</em></span> <span class='ocrx_word' id='word_1_197' title='bbox 440 2965 501 3066; x_wconf 83' lang='lat' dir='ltr'><em>qui</em></span> <span class='ocrx_word' id='word_1_198' title='bbox 518 2953 802 3066; x_wconf 73' lang='lat' dir='ltr'><em>premianideri</em></span> <span class='ocrx_word' id='word_1_199' title='bbox 822 2953 1144 3064; x_wconf 79' lang='lat' dir='ltr'><em>voluntrsegligese‚</em></span> <span class='ocrx_word' id='word_1_200' title='bbox 1167 2953 1220 3044; x_wconf 69' lang='grc' dir='ltr'><strong><em>ά</em></strong></span> <span class='ocrx_word' id='word_1_201' title='bbox 1241 2955 1261 3039; x_wconf 76' lang='grc' dir='ltr'><em>ὲ</em></span> <span class='ocrx_word' id='word_1_202' title='bbox 1275 2958 1455 3067; x_wconf 81' lang='lat' dir='ltr'><em>fislagra·</em></span> 
     </span>
     <span class='ocr_line' id='line_1_27' title="bbox 211 3063 1538 3173; baseline 0.004 -23"><span class='ocrx_word' id='word_1_203' title='bbox 211 3066 373 3150; x_wconf 89' lang='lat' dir='ltr'><em>titudine</em></span> <span class='ocrx_word' id='word_1_204' title='bbox 385 3095 505 3150; x_wconf 90' lang='lat' dir='ltr'><em>omnes</em></span> <span class='ocrx_word' id='word_1_205' title='bbox 531 3063 704 3146; x_wconf 85' lang='lat' dir='ltr'><em>deducere</em></span> <span class='ocrx_word' id='word_1_206' title='bbox 725 3063 1028 3160; x_wconf 84' lang='lat' dir='ltr'><em>uoluntnirtutcs,</em></span> <span class='ocrx_word' id='word_1_207' title='bbox 1042 3063 1173 3173; x_wconf 76' lang='lat' dir='ltr'><em>neceffls</em></span> <span class='ocrx_word' id='word_1_208' title='bbox 1190 3085 1310 3150; x_wconf 84' lang='lat' dir='ltr'><em>tamen</em></span> <span class='ocrx_word' id='word_1_209' title='bbox 1324 3068 1455 3156; x_wconf 85' lang='lat' dir='ltr'><em>hahent</em></span> <span class='ocrx_word' id='word_1_210' title='bbox 1536 3105 1538 3111; x_wconf 91' lang='lat'>·</span> 
     </span>
     <span class='ocr_line' id='line_1_28' title="bbox 212 3169 1454 3286; baseline 0 -26"><span class='ocrx_word' id='word_1_211' title='bbox 212 3173 401 3286; x_wconf 82' lang='lat' dir='ltr'><em>agnoscere</em></span> <span class='ocrx_word' id='word_1_212' title='bbox 424 3173 690 3286; x_wconf 83' lang='lat' dir='ltr'><em>gratitudinem</em></span> <span class='ocrx_word' id='word_1_213' title='bbox 707 3169 925 3274; x_wconf 67' lang='lat' dir='ltr'><em>&amp;memoria</em></span> <span class='ocrx_word' id='word_1_214' title='bbox 961 3193 1181 3284; x_wconf 76' lang='lat' dir='ltr'><em>acceptorum</em></span> <span class='ocrx_word' id='word_1_215' title='bbox 1204 3177 1454 3285; x_wconf 81' lang='lat' dir='ltr'><em>beneficiorum</em></span> 
     </span>
     <span class='ocr_line' id='line_1_29' title="bbox 204 3283 1454 3398; baseline 0.006 -31"><span class='ocrx_word' id='word_1_216' title='bbox 204 3289 334 3394; x_wconf 76' lang='lat' dir='ltr'><em>fluere.</em></span> <span class='ocrx_word' id='word_1_217' title='bbox 388 3283 613 3368; x_wconf 83' lang='lat' dir='ltr'><em>Tantundem</em></span> <span class='ocrx_word' id='word_1_218' title='bbox 642 3302 763 3366; x_wconf 86' lang='lat' dir='ltr'><em>autem</em></span> <span class='ocrx_word' id='word_1_219' title='bbox 786 3293 920 3365; x_wconf 83' lang='lat' dir='ltr'><em>amoris</em></span> <span class='ocrx_word' id='word_1_220' title='bbox 947 3311 1031 3392; x_wconf 86' lang='lat' dir='ltr'><em>erga</em></span> <span class='ocrx_word' id='word_1_221' title='bbox 1065 3283 1310 3398; x_wconf 86' lang='lat' dir='ltr'><em>nosmet-ipsos</em></span> <span class='ocrx_word' id='word_1_222' title='bbox 1333 3301 1454 3396; x_wconf 80' lang='lat' dir='ltr'><em>arguit</em></span> 
     </span>
     <span class='ocr_line' id='line_1_30' title="bbox 211 3391 1449 3508; baseline 0.002 -30"><span class='ocrx_word' id='word_1_223' title='bbox 211 3391 598 3508; x_wconf 74' lang='lat' dir='ltr'><em>quidstimulamnrad</em></span> <span class='ocrx_word' id='word_1_224' title='bbox 618 3393 702 3474; x_wconf 81' lang='lat' dir='ltr'><em>hene</em></span> <span class='ocrx_word' id='word_1_225' title='bbox 728 3393 973 3503; x_wconf 79' lang='lat' dir='ltr'><em>agendumper</em></span> <span class='ocrx_word' id='word_1_226' title='bbox 999 3413 1139 3504; x_wconf 81' lang='lat' dir='ltr'><em>accepta</em></span> <span class='ocrx_word' id='word_1_227' title='bbox 1156 3401 1245 3502; x_wconf 82' lang='lat' dir='ltr'><em>jam</em></span> <span class='ocrx_word' id='word_1_228' title='bbox 1263 3399 1449 3506; x_wconf 78' lang='lat' dir='ltr'><em>beneficia,</em></span> 
     </span>
     <span class='ocr_line' id='line_1_31' title="bbox 212 3501 1563 3616; baseline 0.004 -30"><span class='ocrx_word' id='word_1_229' title='bbox 212 3501 318 3616; x_wconf 73' lang='lat' dir='ltr'><em>quim</em></span> <span class='ocrx_word' id='word_1_230' title='bbox 349 3501 450 3614; x_wconf 64' lang='lat' dir='ltr'><em>quid</em></span> <span class='ocrx_word' id='word_1_231' title='bbox 476 3501 602 3586; x_wconf 86' lang='lat' dir='ltr'><em>eadem</em></span> <span class='ocrx_word' id='word_1_232' title='bbox 617 3505 806 3612; x_wconf 87' lang='lat' dir='ltr'><em>faciamus</em></span> <span class='ocrx_word' id='word_1_233' title='bbox 834 3521 978 3612; x_wconf 82' lang='lat' dir='ltr'><em>propter</em></span> <span class='ocrx_word' id='word_1_234' title='bbox 996 3505 1091 3586; x_wconf 86' lang='lat' dir='ltr'><em>talia</em></span> <span class='ocrx_word' id='word_1_235' title='bbox 1115 3505 1260 3616; x_wconf 77' lang='lat' dir='ltr'><em>posthac</em></span> <span class='ocrx_word' id='word_1_236' title='bbox 1272 3504 1451 3616; x_wconf 74' lang='lat' dir='ltr'><em>spereta3</em></span> <span class='ocrx_word' id='word_1_237' title='bbox 1560 3551 1563 3556; x_wconf 96' lang='lat'>·</span> 
     </span>
     <span class='ocr_line' id='line_1_32' title="bbox 208 3609 1448 3732; baseline 0.002 -34"><span class='ocrx_word' id='word_1_238' title='bbox 208 3613 320 3698; x_wconf 77' lang='lat' dir='ltr'><em>immh</em></span> <span class='ocrx_word' id='word_1_239' title='bbox 339 3615 489 3698; x_wconf 84' lang='lat' dir='ltr'><em>videtur</em></span> <span class='ocrx_word' id='word_1_240' title='bbox 500 3613 755 3724; x_wconf 76' lang='lat' dir='ltr'><em>aitquannsper</em></span> <span class='ocrx_word' id='word_1_241' title='bbox 767 3609 966 3732; x_wconf 75' lang='lat' dir='ltr'><em>generosus</em></span> <span class='ocrx_word' id='word_1_242' title='bbox 980 3642 1081 3718; x_wconf 87' lang='lat' dir='ltr'><em>agere</em></span> <span class='ocrx_word' id='word_1_243' title='bbox 1125 3625 1165 3696; x_wconf 89' lang='lat' dir='ltr'><em>ui</em></span> <span class='ocrx_word' id='word_1_244' title='bbox 1179 3635 1342 3698; x_wconf 82' lang='lat' dir='ltr'><em>movetur</em></span> <span class='ocrx_word' id='word_1_245' title='bbox 1355 3619 1448 3703; x_wconf 89' lang='lat' dir='ltr'><em>bono</em></span> 
     </span>
     <span class='ocr_line' id='line_1_33' title="bbox 211 3643 1451 3856; baseline 0.001 -47"><span class='ocrx_word' id='word_1_246' title='bbox 211 3719 354 3809; x_wconf 70' lang='lat' dir='ltr'><em>tanturn</em></span> <span class='ocrx_word' id='word_1_247' title='bbox 364 3725 526 3856; x_wconf 62' lang='lat' dir='ltr'><em>sperato,</em></span> <span class='ocrx_word' id='word_1_248' title='bbox 549 3731 719 3832; x_wconf 85' lang='lat' dir='ltr'><em>quoniam</em></span> <span class='ocrx_word' id='word_1_249' title='bbox 730 3721 812 3828; x_wconf 82' lang='lat' dir='ltr'><em>spei</em></span> <span class='ocrx_word' id='word_1_250' title='bbox 817 3725 1023 3830; x_wconf 80' lang='lat' dir='ltr'><em>plerumque</em></span> <span class='ocrx_word' id='word_1_251' title='bbox 1045 3643 1203 3804; x_wconf 84' lang='lat' dir='ltr'><em>adheret</em></span> <span class='ocrx_word' id='word_1_252' title='bbox 1225 3729 1369 3838; x_wconf 88' lang='lat' dir='ltr'><em>aliquid</em></span> <span class='ocrx_word' id='word_1_253' title='bbox 1389 3739 1451 3810; x_wconf 89' lang='lat' dir='ltr'><em>in·</em></span> 
     </span>
     <span class='ocr_line' id='line_1_34' title="bbox 175 3831 1519 3948; baseline 0 -30"><span class='ocrx_word' id='word_1_254' title='bbox 175 3893 178 3898; x_wconf 93' lang='lat'>-</span> <span class='ocrx_word' id='word_1_255' title='bbox 213 3845 317 3933; x_wconf 84' lang='lat' dir='ltr'><em>sceti,</em></span> <span class='ocrx_word' id='word_1_256' title='bbox 338 3859 446 3942; x_wconf 86' lang='lat' dir='ltr'><em>quam</em></span> <span class='ocrx_word' id='word_1_257' title='bbox 471 3841 534 3942; x_wconf 88' lang='lat' dir='ltr'><em>qui</em></span> <span class='ocrx_word' id='word_1_258' title='bbox 554 3831 768 3914; x_wconf 83' lang='lat' dir='ltr'><em>tantundem</em></span> <span class='ocrx_word' id='word_1_259' title='bbox 780 3835 882 3940; x_wconf 84' lang='lat' dir='ltr'><em>facit</em></span> <span class='ocrx_word' id='word_1_260' title='bbox 901 3851 1046 3942; x_wconf 79' lang='lat' dir='ltr'><em>propter</em></span> <span class='ocrx_word' id='word_1_261' title='bbox 1067 3831 1158 3916; x_wconf 85' lang='lat' dir='ltr'><em>hono</em></span> <span class='ocrx_word' id='word_1_262' title='bbox 1186 3847 1293 3946; x_wconf 76' lang='lat' dir='ltr'><em>paria</em></span> <span class='ocrx_word' id='word_1_263' title='bbox 1318 3839 1449 3948; x_wconf 78' lang='lat' dir='ltr'><em>quibus</em></span> <span class='ocrx_word' id='word_1_264' title='bbox 1516 3939 1519 3946; x_wconf 28' lang='grc' dir='ltr'>Ι</span> 
     </span>
     <span class='ocr_line' id='line_1_35' title="bbox 214 3941 1450 4051; baseline 0.003 -27"><span class='ocrx_word' id='word_1_265' title='bbox 214 3941 307 4026; x_wconf 76' lang='lat' dir='ltr'><em>earth</em></span> <span class='ocrx_word' id='word_1_266' title='bbox 328 3947 416 4050; x_wconf 83' lang='lat' dir='ltr'><em>jam</em></span> <span class='ocrx_word' id='word_1_267' title='bbox 427 3945 583 4050; x_wconf 72' lang='lat' dir='ltr'><em>finitur.</em></span> <span class='ocrx_word' id='word_1_268' title='bbox 640 3955 812 4023; x_wconf 82' lang='lat' dir='ltr'><em>Prctcrea</em></span> <span class='ocrx_word' id='word_1_269' title='bbox 835 3960 954 4024; x_wconf 88' lang='lat' dir='ltr'><em>autem</em></span> <span class='ocrx_word' id='word_1_270' title='bbox 971 3951 1242 4051; x_wconf 79' lang='lat' dir='ltr'><em>preteritorum</em></span> <span class='ocrx_word' id='word_1_271' title='bbox 1264 3947 1450 4050; x_wconf 81' lang='lat' dir='ltr'><em>benessio·</em></span> 
     </span>
     <span class='ocr_line' id='line_1_36' title="bbox 210 4047 1450 4163; baseline 0.003 -27"><span class='ocrx_word' id='word_1_272' title='bbox 210 4081 291 4136; x_wconf 87' lang='lat' dir='ltr'><em>rum</em></span> <span class='ocrx_word' id='word_1_273' title='bbox 310 4063 483 4136; x_wconf 86' lang='lat' dir='ltr'><em>memoria</em></span> <span class='ocrx_word' id='word_1_274' title='bbox 504 4047 694 4134; x_wconf 82' lang='lat' dir='ltr'><em>dulcedine</em></span> <span class='ocrx_word' id='word_1_275' title='bbox 715 4049 874 4160; x_wconf 76' lang='lat' dir='ltr'><em>quidam</em></span> <span class='ocrx_word' id='word_1_276' title='bbox 901 4053 1269 4163; x_wconf 83' lang='lat' dir='ltr'><em>enimnmperfundit,</em></span> <span class='ocrx_word' id='word_1_277' title='bbox 1289 4079 1366 4159; x_wconf 80' lang='lat' dir='ltr'><em>qun</em></span> <span class='ocrx_word' id='word_1_278' title='bbox 1376 4057 1450 4158; x_wconf 78' lang='lat' dir='ltr'><em>fe·</em></span> 
     </span>
    </p>
   </div>
   <div class='ocr_carea' id='block_1_5' title="bbox 1274 4161 1665 4270">
    <p class='ocr_par' dir='ltr' id='par_1_5' title="bbox 1274 4161 1665 4270">
     <span class='ocr_line' id='line_1_37' title="bbox 1274 4161 1665 4270; baseline 0.013 -28"><span class='ocrx_word' id='word_1_279' title='bbox 1274 4161 1447 4270; x_wconf 70' lang='lat' dir='ltr'><em>licitatio,</em></span> <span class='ocrx_word' id='word_1_280' title='bbox 1661 4215 1665 4221; x_wconf 93' lang='lat'>·</span> 
     </span>
    </p>
   </div>
   <div class='ocr_carea' id='block_1_6' title="bbox 0 0 1714 4568">
    <p class='ocr_par' dir='ltr' id='par_1_6' title="bbox 0 0 1714 4568">
     <span class='ocr_line' id='line_1_38' title="bbox 0 0 1714 4568; baseline 0 1"><span class='ocrx_word' id='word_1_281' title='bbox 0 0 1714 4568; x_wconf 95' lang='lat' dir='ltr'><em> </em></span> 
     </span>
    </p>
   </div>
  </div>
 </body>
</html>
