3400 4566
15 79 19 204 t

263 79 665 237 Dedege'Notatae
693 95 763 232 ejri
783 55 862 229 qur
886 98 1156 238 obligatione.
1290 143 1379 234 299

136 269 371 368 minoribus3
399 299 485 377 og.
515 267 664 378 publiea
679 269 882 354 commoda
906 275 1167 379 privatis,&c.
1229 277 1382 380 Scilicet

136 377 201 488 (ut
224 379 426 494 proposrrae
449 377 568 461 modo
591 375 840 484 similitudinis
861 377 1011 464 dunum
1038 384 1262 492 sequamur)
1295 386 1380 469 cum

133 491 181 576 ad
206 493 473 600 operationem
499 515 630 571 manus
665 486 929 590 admovemus,
964 493 1004 574 in
1033 495 1140 578 rimis
1163 493 1379 580 curabimus

132 623 175 686 ut
201 624 377 684 centrum
391 627 438 682 ac
460 597 687 708 principium
702 598 995 709 primumnobil'
1042 603 1377 716 mi,quodquaeri·

132 737 231 814 mus,
254 705 380 798 efferri
398 709 647 807 inveniamus,
674 705 892 820 justamque
917 709 967 792 ab
989 743 1039 796 eo
1061 711 1275 796 distantiam
1295 713 1372 797 ob·

87 871 91 882 ·
131 819 351 908 servemust
384 817 509 928 idest,
534 819 667 900 Deum
692 815 896 926 spectamus
912 826 953 904 ὃ(
981 823 1375 926 voluntatisilliusju·

129 927 227 1013 dicia
252 921 983 1042 quainejuseffediissunrconspicua3
1010 931 1152 1016 deinde
1167 917 1377 1040 seropes-

129 1065 335 1126 currentes
354 1038 481 1122 animo
501 1034 679 1148 singulos,
692 1043 841 1148 quinos
854 1039 1104 1153 undiquaque
1117 1041 1287 1151 cingunt,
1301 1041 1375 1126 ho·

130 1155 272 1259 mines,
294 1151 399 1232 velut
422 1147 572 1233 infinita
584 1147 809 1259 peripheriae
824 1150 977 1258 ponda,
1004 1151 1173 1237 omnium
1186 1150 1373 1253 ordinem,

128 1286 175 1342 ac
205 1258 427 1370 positionem
455 1260 478 1344 *a
505 1257 624 1366 prima
636 1257 1046 1345 causa'determinatar'n
1060 1261 1282 1344 inviolatam
1296 1259 1374 1343 ser·

13 1435 15 1442 .
129 1395 284 1478 ventes,
305 1397 382 1497 ope
402 1367 531 1454 mouit
552 1363 751 1475 'cujusdam
776 1367 980 1494 reciproci,
1004 1371 1067 1454 seu
1093 1367 1369 1454 beneficiorum

129 1499 352 1587 permutans
366 1477 515 1562 vicibus
538 1476 809 1586 prestiterum,
835 1481 1032 1564 innoxiam
1066 1479 1220 1564 randern
1240 1478 1371 1563 obser·

108 1616 261 1674 ‚vamus
272 1587 744 1782 1‹ppporrunitarem,veluti
760 1587 932 1698 pundum
946 1590 986 1670 in
996 1589 1169 1672 datarum
1184 1590 1380 1674 linearum·

301 1729 324 1782 u

128 1703 270 1784 commi
329 1700 440 1806 ra,in
464 1725 542 1807 qua
566 1695 675 1780 nobis
696 1720 881 1808 quantum
908 1695 1372 1782 sufficitcoocedarursrne

128 1835 236 1894 noxa
256 1807 339 1891 aliis
353 1809 600 1916 illarumque
624 1806 757 1892 adedit
784 1803 1009 1892 circumsutis
1023 1807 1100 1891 aliis
1111 1805 1371 1894 omnibusde·

13 1907 16 1924 '
127 1921 354 2003 terminatur
379 1937 564 2027 quantum
580 1915 716 1999 nostrae
725 1915 938 2002 conditioni
954 1919 1299 2108 proportionatum
1312 1915 1371 2022 fit,

127 2050 174 2110 nt
197 2025 273 2112 rori
297 2027 493 2138 systemati
512 2021 762 2128 inserviamus,
789 2025 846 2109 uri
871 2027 893 2110 a
921 2031 1033 2138 perip
1062 2025 1141 2110 erin
1162 2027 1371 2136 longitudo

125 2138 258 2221 mediae
271 2136 570 2251 proportionalis
592 2134 762 2247 quasrrae.
791 2135 945 2220 Interim
960 2139 1122 2222 camene
1138 2133 1370 2225 nobiliffimo

124 2245 206 2333 hoc
220 2245 422 2357 reciprocae
448 2242 708 2330 Beneficenriae
721 2268 829 2332 motu
842 2243 900 2348 fit,
915 2248 1033 2330 otalii
1046 2245 1192 2352 iimilia,
1213 2255 1254 2334 8(
1274 2245 1369 2358 saepe

155 2353 301 2460 uidem,
313 2379 431 2490 prout
450 2351 754 2458 occafiotulerir,
780 2355 927 2464 majora
937 2354 1004 2438 fibi
1025 2357 1234 2472 decerpant
1249 2356 1367 2470 bene?

124 2385 228 2568 dria,
256 2494 371 2579 quam
393 2492 438 2550 ea
460 2463 599 2550 suerint
622 2492 706 2575 quae
740 2466 855 2552 nobis
880 2463 1148 2576 quaefivimust
1183 2467 1370 2578 quemad·

124 2577 283 2661 modurn
302 2603 352 2659 ex
365 2573 536 2681 ejusdem
548 2575 680 2658 circuli
702 2575 816 2659 nunu
835 2604 914 2660 non
933 2575 1055 2660 sotum
1066 2575 1189 2660 media
1201 2601 1369 2687 propos·

123 2685 390 2772 rionalisinrer
410 2685 504 2770 duas
526 2683 635 2769 nobis
649 2683 756 2768 datas
778 2685 895 2768 lineas
916 2685 1150 2798 inveniatur,
1160 2685 1225 2771 sed
1248 2688 1291 2770 8<
1320 2686 1365 2770 ii·

123 2795 233 2878 miles
254 2795 355 2879 inter
369 2791 533 2878 infinitas
556 2795 646 2882 alins¹
663 2795 704 2878 in
726 2823 824 2906 quas
851 2793 987 2880 eadem
1010 2795 1212 2882 Diameter
1239 2797 1368 2884 dividi

125 2901 276 3014 porest3
293 2903 561 3017 eaequemedie
581 2901 773 3014 saeptffime
800 2905 965 3010 majores
978 2903 1047 2990 fint
1098 2909 1187 2992 uim
1201 2937 1369 3020 quaeno·

122 3015 184 3110 ¹bis
207 3013 682 3126 fuerintneceffariae,quae
710 3011 865 3124 q'uidem
879 3015 1043 3100 aliorum
1052 2937 1174 3100 dibus
1185 3015 1254 3100 fint
1283 3019 1367 3104 ido·

125 3151 219 3208 neae.
272 3123 458 3236 Denique
487 3151 624 3208 nonex
647 3119 777 3228 Unico
792 3123 929 3234 quovis
947 3121 1110 3228 Effedo,
1142 3129 1251 3240 quod
1272 3157 1368 3240 prae·

126 3233 227 3317 stare
254 3231 381 3346 potest
400 3233 530 3316 circuli
545 3231 767 3344 descriptio,
790 3235 873 3343 ejus
891 3235 967 3344 vis,
991 3234 1252 3344 perfectione
1268 3239 1369 3324 ordo
1480 3319 1482 3324 ,

122 3340 588 3452 dignitatisinterfigurss
614 3342 886 3430 aGeomerriae
902 3345 1273 3453 periroastimatur,
1300 3349 1367 3436 sed

80 3505 86 3514 ·
122 3451 379 3554 econjunuts
407 3451 583 3538 omnibus
602 3445 760 3554 effediis,
787 3453 849 3538 seu
877 3485 926 3538 ex
946 3457 1116 3544 omniurn
1148 3460 1367 3570 problema·

120 3561 208 3646 rurn
233 3563 509 3652 commnione
523 3589 606 3694 quae
632 3563 769 3674 quovis
788 3565 907 3649 modo
917 3565 1007 3652 inde
1036 3567 1216 3676 pendeat.
1277 3565 1366 3650 Pari

121 3673 241 3782 plane
266 3675 428 3759 rarione
438 3673 565 3786 quivis
579 3674 798 3758 Rationalis
818 3677 1109 3784 perfectionem,
1134 3704 1180 3759 ac
1199 3673 1278 3756 vim
1306 3677 1365 3760 in-

118 3783 326 3867 rrinsecam
337 3785 455 3868 causae
467 3783 612 3892 primae,
625 3781 823 3893 roririsque
834 3785 982 3893 genesis
1011 3783 1369 3880 humaninonaesti·

115 3890 256 3994 mabit,
284 3893 306 3978 ὲ
335 3893 414 3977 sola
453 3920 569 4004 quam
594 3897 635 3977 in
660 3891 705 3975 iis
737 3898 926 4006 comperit
950 3891 1113 3979 efficacia
1135 3897 1238 3978 circa
1260 3893 1364 3976 suam

112 3998 598 4108 ranrdmfoelicirarern,sed
613 3999 1367 4110 *estupendaillaeffedrorumvsrietare,

673 4113 811 4234 Qqa
1027 4161 1030 4168 «
1298 4108 1367 4188 ·&
1474 4143 1480 4157 ⁶
