3392 4572
286 139 350 244 De
365 137 523 280 origine
539 137 791 250 noniano
809 137 1021 238 Virtutum
1037 137 1316 251 Moralium
1353 185 1411 290 33
1417 189 1454 284 7

185 317 333 403 multos
358 311 604 425 retonans,
629 341 715 424 quae
730 310 869 398 eodem
890 334 1065 426 ternpore
1084 317 1168 427 aliis
1186 319 1312 406 usrbus
1325 321 1440 414 inser·

190 429 272 510 uite
296 447 520 540 nequeunte
548 423 712 536 sequitur
738 422 888 508 necesse
910 421 987 508 esse
1009 449 1052 508 ut
1072 425 1246 514 homines
1267 435 1333 544 qui
1359 437 1437 524 Bo·

185 565 276 620 num
297 537 514 622 Commune
525 535 708 650 prosequi
721 534 957 642 obligantur,
973 536 1198 648 obligentur
1210 547 1327 628 etiam
1340 573 1433 634 con·

180 648 381 730 sentirent
401 673 526 730 return
540 645 621 730 usus
635 673 679 728 ac
695 643 942 755 personarum
964 675 1090 756 operae
1104 673 1294 760 quatenus
1307 655 1432 766 singu·

178 757 224 840 h‘s
245 757 454 842 necessariae
469 754 566 859 sunt,
586 779 628 842 ut
650 755 758 840 bono
770 755 928 863 publico
941 754 1159 867 inserviant,
1174 762 1258 869 ipsis
1272 767 1322 848 ita
1337 795 1431 851 con·

175 869 380 972 cedantur,
406 889 461 968 ut,
485 888 666 950 manente
687 865 862 974 praedittt
883 864 1122 978 necessitate,
1142 871 1194 954 ab
1216 874 1258 954 iis
1284 875 1429 964 auferri

176 977 279 1062 licite
301 1008 381 1063 non
398 975 568 1090 poffint3
597 975 754 1077 horest,
774 995 820 1057 ut
835 977 900 1058 illa
913 977 1011 1086 ipsrs,
1032 977 1082 1060 ad
1096 981 1162 1062 ilia
1176 981 1304 1066 saltem
1327 1009 1425 1070 tern-

176 1117 287 1198 pota,
306 1087 404 1172 fiant
429 1089 602 1196 propria,
624 1084 882 1196 adet'squefira
902 1111 1061 1172 eatenus
1080 1086 1268 1176 dicantur.
1309 1099 1423 1199 Qro.

175 1201 278 1282 niam
292 1221 422 1282 autem
436 1196 653 1304 hujusmodi
681 1219 873 1302 tempora,
897 1203 938 1282 8<
959 1195 1064 1282 casus
1080 1197 1420 1310 ungulisconnnut
1531 1241 1539 1249 ⁹

171 1307 271 1394 serie
291 1307 511 1409 succedunt,
540 1327 728 1418 perpetua
754 1307 928 1418 quaedam
952 1307 1165 1417 proprietas
1194 1311 1257 1396 seu
1282 1315 1340 1419 jus
1369 1320 1419 1402 ad

168 1417 278 1502 usuro
305 1448 447 1517 retum,
464 1425 506 1504 &
522 1445 640 1527 opera
654 1417 899 1525 personarunt
914 1418 1203 1506 necessariarum
1223 1423 1414 1535 sequetur,

168 1527 849 1641 usquequbnaturavitamlargitur.
891 1531 1121 1629 Qtinetiant
1146 1529 1172 1613 st
1198 1533 1331 1618 eadem
1353 1567 1415 1622 res

168 1636 236 1746 (ut
256 1639 366 1726 fundi
387 1662 451 1724 aut
475 1636 668 1743 arbores)
690 1639 731 1722 in
753 1631 869 1720 finem
894 1638 1111 1748 praedidum
1128 1637 1312 1730 sufficient
1340 1676 1411 1756 per

164 1750 291 1836 varios
303 1753 387 1834 dies
397 1771 461 1831 aut
478 1776 610 1849 annor,
624 1747 757 1830 eadem
778 1750 882 1834 tatio
894 1775 977 1858 quae
990 1752 1050 1856 jus
1069 1751 1118 1834 ad
1132 1779 1195 1835 eas
1207 1753 1331 1836 dedit·
1360 1761 1412 1840 ri·

161 1887 228 1947 nro
240 1861 318 1962 die,
347 1859 468 1970 parile
482 1861 543 1964 jus
557 1857 733 1944 conseret
745 1857 809 1940 die
833 1861 1034 1967 sequente,
1048 1861 1090 1942 8<
1111 1887 1233 1969 porro
1246 1786 1408 1974 quidem

159 1970 347 2054 ficaetera
366 1991 551 2054 maneant»
566 1969 687 2078 paria.
727 1965 777 2048 Et
802 1965 1019 2072 hujusmodi
1045 1969 1201 2080 quidem
1229 1972 1407 2082 gradibus

158 2081 316 2167 deducit
340 2080 514 2166 homines
533 2078 632 2163 ratio
645 2077 693 2165 ad
706 2077 924 2164 eonsensum
945 2079 999 2164 de
1020 2077 1298 2168 constituendis
1314 2085 1404 2170 Do·
1545 2089 1549 2096 ’

156 2191 285 2275 miniis
299 2191 472 2304 plenisin
486 2215 574 2286 res3
602 2185 960 2299 tandquueetiam
979 2190 1020 2272 in
1035 2189 1214 2300 personas
1236 2191 1299 2279 seu
1314 2223 1401 2306 pet·

153 2297 332 2385 sonatum
364 2327 502 2411 operas
523 2295 582 2382 'ad
616 2323 856 2384 communem
891 2297 1131 2384 soelicitatem
1159 2303 1400 2392 necessarias.

153 2411 538 2524 Obligatioenimad
581 2407 862 2494 tosecutionem
886 2408 972 2492 finis
993 2407 1398 2521 (quantanteaevici-
1455 2465 1462 2472 ,

149 2520 254 2634 mur)
274 2521 480 2607 introducit
503 2440 782 2630 obiigationern
796 2520 844 2604 td
867 2520 1034 2616 medium
1059 2523 1175 2606 unice
1194 2521 1397 2614 neceffari·

149 2657 230 2735 um,
253 2661 393 2743 nempe
413 2631 638 2718 consensum
658 2628 887 2741 singulorum
911 2630 959 2716 ad
981 2631 1148 2742 aliquam
1170 2631 1396 2722 divisionem

145 2771 279 2828 serum
300 2751 342 2830 ὃς
355 2767 565 2853 operarum
585 2740 866 2840 humanarum
894 2743 1077 2853 quoniam
1098 2743 1394 2854 impoffibileest

144 2877 188 2938 nt
203 2855 337 2938 eadem
356 2881 436 2964 tes,
450 2851 670 2963 ejusdemve
684 2851 850 2939 bominis
871 2881 995 2963 opera
1015 2855 1303 2944 innumerorum
1317 2857 1393 2946 ho·

143 2965 288 3048 minum
321 2961 578 3075 pugnantibus
601 2961 864 3050 voluntatibus
896 2961 1144 3074 obsequatur.
1182 2967 1264 3050 Res
1286 2972 1393 3052 enim

142 3073 284 3188 quibus
303 3078 464 3177 utimur,
485 3081 529 3160 &
543 3071 713 3157 membra
726 3072 925 3158 hominum
937 3073 1079 3184 quibus
1099 3100 1219 3180 opera
1233 3077 1388 3162 illorum

141 3189 352 3272 externain
366 3185 529 3270 aliorum
549 3183 736 3268 auxilium
748 3205 988 3296 peraguntur
998 3183 1083 3268 sunt
1094 3209 1278 3296 corpora,
1299 3209 1386 3298 atq3

139 3293 245 3380 adeb
266 3295 450 3380 ardunum
474 3297 605 3379 locurn
627 3293 764 3405 quovis
777 3293 1149 3402 temporelimitata,
1171 3293 1386 3408 eorumque

135 3403 242 3490 adeo
261 3429 387 3492 motus
409 3406 547 3516 quibus
567 3403 687 3490 cuivis
707 3403 886 3490 inservire
900 3400 1058 3514 possunt
1080 3402 1128 3486 ad
1149 3425 1266 3490 unum
1281 3435 1383 3514 quo·

136 3515 196 3602 vis
219 3537 391 3628 tempore
414 3518 618 3600 terminum
644 3514 849 3625 dirigiturs
876 3513 1045 3624 indique
1069 3511 1114 3597 fit
1141 3513 1249 3627 qubd
1277 3513 1382 3600 idern

136 3627 272 3726 vinus,
300 3624 518 3712 &vestitus
539 3623 770 3710 necessarius
794 3625 864 3735 qui
889 3627 1003 3708 unius
1030 3619 1378 3732 vitamconservat,

134 3763 214 3820 non
241 3734 354 3848 poffit
380 3735 519 3821 eodem
541 3756 718 3843 tempore
740 3736 844 3820 idern
870 3731 1025 3846 prorsus
1046 3735 1159 3818 alteri
1185 3736 1377 3846 praestare,
1424 3814 1426 3820 ,

39 3846 40 3849 ‘
130 3845 221 3930 iicet
239 3849 389 3933 remote
402 3847 577 3956 quidem,
592 3844 655 3930 seu
677 3843 869 3930 mediante
881 3847 981 3927 illius
994 3849 1113 3952 operi
1135 3847 1263 3930 multis
1280 3845 1378 3930 utile

129 3954 350 4067 essepoffit.
391 3953 637 4044 Manifestum
652 3954 708 4040 est
723 3957 852 4063 itaque
867 3955 1193 4058 teramnensem
1206 3957 1387 4068 indicare,

126 4067 280 4154 necesse
302 4067 381 4157 effe
394 4061 450 4154 ad'
463 4065 951 4259 singulorumsnppiritatem,
972 4071 1108 4170 vitam,
1131 4063 1388 4178 acvaletndig.¹

793 4203 820 4260 x
1285 4197 1372 4261 uem
