3400 4566
337 101 1193 290 DiligeNaturaejrlsq'ueobligationes
1323 155 1418 285 263

198 343 201 352 '
243 340 415 456 lbpriruir
439 359 568 420 autern
592 329 831 418 manifestum
852 329 908 414 est
931 330 1073 416 adibus
1084 331 1259 416 humanis
1281 335 1427 440 noxiis,

186 452 265 540 lloc
289 453 377 562 ipso
389 447 499 558 qubd
523 445 618 526 tales
641 445 740 542 sunt,
754 441 832 524 vim
848 441 966 525 inelle
983 439 1097 528 causae
1110 441 1426 554 meritoriae,quae

185 563 392 650 rationales
411 551 613 668 quossibet,
640 581 708 638 eos
705 553 911 744 1praecipue
924 553 990 662 qui
1012 555 1221 664 quicquam
1235 550 1427 634 indbmali

185 678 400 788 patiuntur,
428 663 625 776 impellere
650 693 702 774 po
733 685 762 744 tt
785 659 834 742 ad
858 689 924 745 eos
949 661 1081 772 quoad
1105 683 1289 770 poterunt
1309 661 1430 770 poenit

183 781 437 879 coercendos,
464 774 533 888 qui
561 773 642 882 aliis
674 769 940 856 innocentibus
972 773 1187 854 nocuerint.
1257 769 1324 852 Vis
1347 773 1428 852 haec

184 891 385 1004 impulsiva
400 881 546 972 nonest
559 885 617 965 vis
635 881 898 968 commentitii
924 887 966 966 8<
992 880 1214 990 imaginaria
1228 881 1293 966 sed
1317 865 1433 992 prorss

183 1007 246 1092 l'u's
262 1003 387 1100 realis,
412 991 736 1192 puemadmodum
758 989 921 1101 quilibet
934 1015 1060 1074 motus
1075 991 1135 1074 ab
1160 990 1321 1097 objectis
1347 989 1430 1082 senff

182 1109 404 1204 smnouros
436 1107 572 1211 exiens.
627 1101 656 1182 F
659 1125 805 1186 aternut
827 1098 978 1186 interim
1004 1099 1080 1183 vim
1095 1101 1193 1183 hanc
1215 1100 1336 1210 perse
1364 1101 1428 1184 so·

181 1233 259 1315 lam
283 1249 361 1307 nou
379 1209 625 1303 sufficere-ad
646 1239 778 1320 poenas
800 1213 925 1294 noxiis
949 1207 1202 1318 infligendas5
1250 1209 1311 1295 sed
1336 1212 1426 1296 ideo

180 1327 463 1426 observandam
478 1325 581 1408 illam
591 1317 667 1405 elle
677 1321 867 1418 duximus,
887 1326 1072 1432 quoniam
1094 1319 1344 1406 necessarium
1370 1317 1427 1404 est

178 1471 241 1550 ut,
255 1443 324 1559 qui
346 1435 549 1525 secundlrm
571 1429 782 1516 Rationem
807 1429 1081 1540 velintagete,
1093 1431 1249 1514 suorum
1274 1433 1423 1516 astuum

182 1563 288 1646 vires
311 1555 352 1634 ὃι
374 1541 510 1633 effeua
534 1539 663 1624 omnia
686 1537 974 1648 expenderent3
1015 1547 1114 1624 iuter
1136 1563 1269 1624 caetera
1292 1563 1441 1626 autem·

122 1721 123 1724 κ
183 1661 372 1783 praecipue
400 1659 574 1768 cogitare
599 1671 759 1758 oportet
771 1676 819 1740 au
831 1649 890 1732 illi
901 1651 994 1734 alioa
1007 1651 1231 1734 Rationales
1249 1677 1424 1734 commo·

181 1805 278 1865 vere
298 1761 456 1885 poffint,
488 1788 534 1848 ut
558 1761 652 1844 boni
673 1758 903 1862 Communis
923 1757 1153 1843 defendendi
1190 1761 1298 1844 causi
1319 1757 1421 1868 ipsos

179 1887 316 2003 punire
342 1877 464 1963 velint
476 1899 608 1958 necne.
664 1865 1327 1976 Intercausatsocias&adjuvantes
1342 1894 1435 1950 rne-v

183 1999 252 2083 riti
279 1996 340 2076 vis
368 1999 616 2071 numeratutt
644 1981 684 2062 8<
700 2004 785 2060 cum
808 1977 957 2061 viribus
969 1976 1208 2083 objectorum
1219 1977 1423 2061 allicienti-

183 2137 265 2208 nm,
285 2095 507 2196 occasionis,
525 2097 567 2178 bc
595 2089 758 2171 auctoris
786 2089 888 2172 telle
910 2089 1195 2197 conjungitur5
1219 2089 1346 2198 eaque
1374 2084 1448 2169 de

185 2211 299 2302 caula
324 2237 403 2295 non
430 2203 493 2288 est·
507 2197 748 2310 negligenda,
764 2195 948 2308 quoniam
973 2197 1065 2282 hinc
1094 2225 1201 2280 mena
1224 2193 1445 2282 deducitur.

185 2326 236 2412 ad
261 2309 575 2407 confiderandum
592 2307 745 2393 actuum
755 2305 976 2394 nostrorum
985 2310 1064 2390 vim
1077 2335 1163 2391 cum
1177 2305 1426 2416 plurimarum

183 2439 347 2522 aliatum
367 2423 559 2510 causarum
570 2417 717 2503 viribus
738 2415 956 2504 consociari
984 2413 1106 2526 polle,
1133 2416 1315 2526 adeoque
1337 2441 1425 2496 cum
1527 2516 1529 2520 Δ

183 2550 234 2634 iis
264 2562 495 2627 concurrere
516 2529 565 2614 ad
589 2529 757 2638 ingentia
791 2521 925 2610 effecta
946 2555 1033 2636 quae
1067 2527 1117 2608 ab
1140 2525 1227 2634 ipfis,
1250 2522 1425 2610 solitarid

183 2647 358 2770 spectatis
367 2676 446 2731 nou
456 2639 575 2729 effent
586 2633 834 2748 expedanda.
862 2635 993 2746 Atque
1007 2636 1077 2720 bac
1088 2635 1139 2719 de
1151 2635 1263 2720 causa
1275 2629 1420 2720 verilli·
1557 2689 1558 2693 a

185 2792 291 2854 mun
317 2759 372 2844 est
396 2753 489 2840 illud
503 2749 611 2862 quod
630 2743 750 2832 modb
773 2743 882 2854 posui
903 2745 1152 2855 paradoxum,
1170 2772 1310 2854 nempe
1336 2769 1432 2828 cum·

184 2873 385 2990 pendente
407 2859 709 2948 confideratione
732 2857 881 2948 alluunt
904 2852 1342 2940 nostrorumuecelsatib
1357 2881 1452 2968 co·¹

184 2993 331 3073 haerere
343 2971 685 3066 considerationem
698 2993 913 3076 poenarum,
936 2989 1201 3079 quapropter
1224 2965 1425 3050 causarum

187 3093 480 3184 extrinsecarum
494 3073 807 3164 concursumnon
829 3075 944 3183 plane
959 3071 1424 3160 necellatidvetbrucou·

186 3211 382 3316 tingentet
408 3189 678 3298 tantbm51icbt
701 3183 954 3296 probabiliter
966 3182 1036 3267 fint
1059 3181 1210 3267 lutura.
1262 3183 1425 3266 Certum

189 3314 339 3404 iuterim
363 3305 417 3394 est
443 3299 587 3416 qubdfi
608 3291 836 3380 imaleficiis
858 3293 1123 3393 abstineamus,
1145 3294 1354 3402 perniciem
1383 3295 1425 3376 in

192 3423 361 3511 nostrum
384 3435 504 3524 caput
518 3436 597 3494 non
621 3403 881 3490 accersemust
911 3405 932 3486 ”e
955 3399 1091 3488 contri
1117 3400 1265 3486 verbsr
1288 3401 1425 3482 eadem

192 3555 413 3644 perpetrare
440 3521 621 3628 velimus,
641 3537 787 3600 certum
815 3510 869 3598 est
883 3541 953 3598 nos
974 3538 1092 3594 unam·
1109 3515 1151 3596 &
1176 3511 1335 3622 quidem
1350 3506 1429 3616 pti·

192 3671 294 3731 mam
309 3634 452 3724 caulam
463 3631 524 3726 seu
539 3625 844 3740 procatardlicam
858 3649 1103 3733 ponere,quae
1117 3621 1230 3706 facile
1241 3645 1329 3702 cum
1344 3615 1428 3701 aliia

192 3771 397 3840 conmrtat
420 3743 469 3828 ad
493 3743 654 3825 exitium
683 3732 871 3820 nobismet
895 3731 979 3842 ipfis
1002 3727 1270 3816 inferendum:
1297 3729 1427 3830 Quum

193 3860 398 3975 probabile
416 3879 543 3939 autem
555 3849 596 3932 fit
619 3845 818 3956 qubdaliae
833 3837 1011 3924 etiam-ad
1025 3833 1317 3926 hunceffeuum
1331 3865 1428 3920 con·

192 3963 502 4064 current-causae,
536 3985 588 4043 ex
612 3959 658 4040 iia
679 3981 763 4067 quac
798 3951 1010 4064 sequuntur
1048 3949 1139 4038 col'
1167 3977 1281 4034 amus.
1350 3939 1428 4023 Sed

191 4083 378 4188 pamella
396 4071 501 4188 prius
523 4071 576 4159 de
600 4065 865 4158 altiaactuum
886 4061 1072 4156 malorum
1101 4089 1122 4146 e
1154 4057 1242 4144 edis
1267 4047 1432 4243 qurpg

1230 4189 1297 4270 ΡΨ

1694 3533 1696 3642 l
