3384 4578
223 141 286 256 96
525 124 589 227 De
620 119 801 231 Natura
828 117 1043 248 Humana,
1080 130 1137 232 ir

220 299 457 416 quoclariirr
478 329 526 388 ac
548 297 780 386 constantius
801 295 994 380 indicatur
1012 296 1333 384 moduracotdo
1351 303 1460 408 juxta

220 444 337 528 quem
362 411 512 498 necesse
528 411 585 496 est
610 411 658 496 ad
684 411 854 494 nostram
868 429 910 490 ut
931 408 1111 493 cumaliit
1133 437 1391 522 cooperemur
1414 413 1463 498 ad

221 551 459 611 commune-nr
483 521 731 618 foelicitatem,
761 526 801 604 8(
816 517 899 626 quo
912 521 1076 624 majores
1090 520 1228 629 cuique
1242 521 1330 604 sunt
1342 528 1462 632 vires,

190 671 193 676 ·
221 659 289 722 aut
311 635 456 720 sortior
477 629 690 743 propenfio
716 629 765 711 ad
788 625 974 734 ejusmodi
997 630 1100 712 aiiur
1114 690 1129 736 ,
1161 629 1210 712 (ὸ
1234 629 1382 714 facilius
1407 633 1464 714 est

222 747 396 832 debitam
420 744 519 826 hanc
546 743 703 852 publico
721 763 880 850 operam
901 739 1139 848 persolvere,
1167 743 1380 849 &gravius
1406 742 1464 826 est

223 849 370 940 crimen
384 853 493 966 quod
504 851 672 936 mandati
693 848 905 933 violatione
925 847 1152 948 admittitur,
1176 853 1466 936 undelucuien·

224 970 305 1052 tior
325 965 533 1074 majorque
555 961 744 1071 obligatio
764 959 818 1042 ad·
836 957 1023 1064 ejusmodi
1043 959 1144 1042 astus
1162 957 1362 1044 certiffinre
1384 965 1466 1046 coi·

225 1079 377 1186 ligatur.
423 1078 678 1184 Qapropter
691 1069 872 1172 nonnulla
894 1069 1111 1175 hujusmodi
1125 1071 1301 1156 indiciai
1323 1101 1466 1182 corpo-

226 1215 271 1270 re
293 1181 490 1297 desumpta
513 1184 638 1266 visum
658 1181 975 1292 estptoponere:
1006 1179 1168 1262 aliorum
1185 1181 1408 1268 observatio
1424 1189 1467 1268 8(

225 1293 405 1405 sagacitas
426 1293 536 1403 plura
546 1291 723 1398 adjiciet,
744 1311 810 1373 aut
833 1287 911 1370 haec
927 1287 1009 1397 ipsa
1022 1286 1186 1372 foeiiciias
1202 1293 1462 1401 persequetur.

228 1409 272 1490 ln
295 1403 464 1488 humano
487 1401 668 1509 Corpore
679 1399 949 1484 confideranda
970 1400 1133 1482 veniunt
1157 1399 1229 1507 (1)
1251 1427 1333 1510 quae
1343 1403 1398 1487 ilii
1411 1405 1471 1485 in·

227 1512 329 1612 sunt,
353 1512 641 1619 urestcorpus5
669 1509 739 1618 (a)
782 1537 834 1593 uae
850 1506 981 1606 habet,
1007 1528 1051 1590 ut
1062 1513 1270 1592 animatum
1285 1509 1471 1612 senfibile,

228 1621 347 1706 instar
378 1621 612 1734 reliquorum
645 1541 884 1716 animaiiurn5
925 1612 1004 1722 (3)
1025 1641 1110 1724 quae
1142 1617 1194 1700 illi
1223 1622 1315 1704 sunt
1352 1651 1472 1732 pecu·

230 1733 353 1816 liaria.
950 1805 951 1808 a

289 1865 322 1926 1.
356 1839 456 1924 Cum
480 1837 656 1930 omnibus
680 1837 792 1944 hujus
811 1825 976 1922 univerit
999 1835 1226 1946 corporibus
1244 1835 1329 1922 haec
1353 1835 1474 1922 habet

231 1953 475 2036 communia:
504 1948 574 2058 (1)
587 1949 694 2060 qnod
719 1977 851 2034 omnes
872 1945 971 2030 illius
992 1968 1132 2048 motus,
1148 1948 1250 2034 adeo
1277 1979 1331 2034 ue
1353 1948 1472 2032 etiarn

231 2061 289 2146 illi
312 2060 504 2172 inquibus
527 2062 620 2160 vita,
641 2059 839 2159 valetudo,
869 2084 913 2140 ac
937 2055 1056 2142 robur
1079 2058 1161 2159 ejus
1181 1979 1474 2168 conirstit(quo·

233 2199 319 2254 rum
341 2171 587 2254 conservatio
610 2167 666 2252 est
679 2196 767 2276 pars
787 2193 920 2276 magna
942 2165 1026 2250 finis
1035 2166 1248 2278 unicuique
1263 2167 1476 2281 propofiti)

233 2281 258 2366 ὲ
276 2281 410 2362 Primo
430 2299 585 2360 motore
613 2278 861 2384 proveniunt,
882 2279 923 2358 8(
940 2274 1150 2360 neceffario
1164 2281 1369 2362 innumeris
1379 2279 1476 2362 alio·

235 2413 319 2474 rum
343 2413 555 2498 corporum
576 2386 710 2497 quaein
729 2385 868 2470 eodem
881 2381 1077 2468 versantur
1098 2385 1299 2494 systemate
1310 2387 1476 2472 motibus
1533 2387 1537 2398 ’
1641 2413 1648 2466 ;

235 2498 498 2608 implicantur,
515 2500 565 2581 ·&
581 2495 632 2580 ab
654 2496 697 2578 iis
716 2497 955 2608 aliquatenus
975 2494 1209 2608 dependent.
1268 2501 1373 2582 inter
1392 2497 1476 2580 -haec

235 2631 367 2694 autem
390 2605 589 2718 vpraecipue
625 2605 862 2693 observanda
885 2607 1045 2688 veniunt
1071 2605 1246 2689 ,niiorum
1281 2607 1475 2694 hominum

238 2745 423 2843 corpora,
447 2715 660 2827 eorumque
680 2714 1055 2826 motus-quinostros
1069 2714 1232 2798 limitare
1241 2718 1410 2826 puisunt³
1432 2747 1478 2800 ac
1615 2773 1619 2781 n

237 2827 261 2911 it
285 2847 434 2912 ratione
456 2823 734 2952 gubernantur,
754 2826 903 2952 dequa
929 2823 1010 3016 {get
1033 2824 1088 2909 est
1110 2824 1215 2935 qnod
1230 2828 1266 2910 in
1281 2831 1477 2915 concordi·

238 2963 406 3028 ameum
433 2959 585 3018 ranone
611 2935 741 3020 nostra
764 2937 853 3019 duct
878 2964 930 3047 po
974 2961 1004 3019 t.
1060 2934 1265 3045 (2)Qrod
1286 2932 1481 3046 (iuxtaue

240 3045 291 3130 ab
317 3044 653 3156 aliie-corporibus)
677 3067 801 3129 motus
816 3044 867 3126 ab
885 3046 960 3128 iilis
979 3047 1095 3155 longe
1117 3047 1273 3158 iateque
1284 3077 1481 3175 propaga·

105 3175 117 3199 '¹
239 3180 317 3260 tur,
332 3156 400 3266 qui
417 3184 495 3240 non
519 3157 636 3266 perit,
652 3155 716 3239 sed
731 3183 814 3238 cum
826 3155 909 3242 aliis
932 3155 1096 3240 motibus
1118 3185 1312 3244 concurrit
1328 3162 1377 3243 ad
1392 3188 1480 3270 per·

239 3267 452 3376 petuandas
463 3295 589 3350 rerum
601 3264 860 3364 succeffiones,
873 3266 937 3346 seu
947 3267 994 3349 ad
1006 3265 1479 3354 totiuseonservationem.

239 3379 373 3488 Atque
386 3373 442 3458 uti
455 3383 556 3482 prius
569 3375 684 3460 finem
708 3377 895 3486 privatum
910 3375 931 3457 a
945 3377 1089 3460 viribus
1110 3381 1375 3462 communibus
1388 3409 1485 3490 pen·

241 3483 335 3570 dere
346 3485 496 3592 docuit,
515 3483 568 3568 ita
579 3485 768 3594 posterius
795 3483 870 3570 hoc
883 3483 1112 3594 singulorum
1136 3489 1235 3571 vires
1255 3491 1412 3597 publice
1427 3492 1485 3573 la·

240 3593 423 3705 tiffimeqa
445 3596 558 3678 utiles
572 3595 649 3679 eii'e
672 3593 779 3704 posse
793 3596 1097 3696 commonstrata
1126 3598 1230 3711 prius
1252 3601 1398 3684 bonurn
1412 3599 1482 3682 stn-

295 3703 430 3786 larium
457 3703 789 3804 a-bonoornnium
815 3705 1002 3790 divulsum
1030 3704 1177 3815 sperare
1200 3711 1482 3823 vetar,ade6q5

297 3834 417 3914 tratur
427 3815 476 3896 ad
487 3839 728 3900 communem
752 3817 992 3913 foelicitatem
1002 3817 1257 3926 quaerendam,
1287 3823 1485 3907 velotior-

241 3923 404 4010 cundam
418 3925 575 4030 privntae
596 3925 843 4009 beatitudinis
864 3949 1092 4034 parentems
1119 3925 1304 4034 posterius
1314 3931 1485 4018 ostendit

243 4033 456 4154 communia
475 4031 568 4120 boni
596 4031 758 4119 studium
785 4063 863 4130 non
884 4038 1032 4122 irritum
1059 4035 1157 4140 iore,
1188 4037 1369 4151 fiquidem
1393 4073 1484 4127 curn

1340 4176 1482 4240 conatu
