3400 4566
309 161 374 263 De
389 157 500 299 Lege
514 154 700 280 Natura
726 154 895 300 ejdsqut
918 153 1187 296 obligatione.
1325 199 1420 305 251

4 423 6 442 ι
63 381 70 394 ·
170 323 330 442 'insuper
352 335 559 443 *postulent
593 333 718 418 causas
754 331 819 412 srbi
840 328 1105 440 quadantenus
1134 331 1422 420 subordinatas:

172 446 311 550 qualia
335 447 609 550 suotcotpor'rs
639 441 754 526 nostri
782 439 1416 550 justatemperies,&otganorum
1484 503 1487 508 -

4 569 6 600 ι
173 577 263 657 apta
283 553 557 652 conformatio,
583 553 701 636 solum
724 551 890 657 salubre,
904 548 1021 632 vietus
1035 548 1077 630 8<
1102 549 1265 633 vestitos
1288 554 1415 658 copia,

171 657 370 749 nominum
383 689 510 746 mutua
526 661 677 761 auxilia,
705 664 747 743 8(
776 689 860 772 quae
875 681 1002 741 tamen
1014 660 1143 742 omnia
1160 661 1209 740 ab
1221 661 1416 742 universa-

169 765 268 854 sibus
295 773 490 856 illitcausts
519 771 752 878 dependent.
810 771 910 852 Solis
921 768 1022 849 enirn
1037 768 1133 850 radii
1159 773 1212 850 ita
1228 769 1414 852 indiesal·
1455 823 1457 830 π

168 899 315 980 terant,
341 885 384 964 dt
407 881 456 966 ad
479 882 695 988 omnigenae
718 875 1207 988 generationesdtsponunr
1231 877 1410 980 Terram,

168 989 412 1074 communem
433 991 601 1074 omniurn
623 993 803 1087 Martem,
823 990 971 1097 plantas
994 991 1036 1070 δι
1056 989 1234 1068 animalia
1263 989 1409 1071 exinde

168 1120 274 1208 nata,
286 1103 328 1182 81
341 1106 502 1209 nutrita,
522 1123 642 1210 arque
653 1098 772 1206 ipsum
783 1099 1002 1206 sanguinent
1020 1095 1237 1180 hominibus
1250 1098 1409 1181 vitalem

169 1205 193 1290 ὃ
209 1209 496 1316 vegetabilium,
513 1205 936 1317 animaliumquesuccis
948 1206 1328 1306 haustum,utomnes
1338 1208 1406 1316 qui

165 1319 285 1426 pauld
302 1317 482 1404 attentiirt
494 1345 621 1402 rerum
631 1321 760 1400 causas
770 1315 886 1402 introi
913 1317 1277 1424 iciunt,solem,ptae
1291 1341 1405 1400 caete·

163 1431 214 1510 ria
230 1431 342 1514 rebus
355 1431 509 1528 creatis,
521 1423 868 1538 generaliffimame
900 1457 923 1509 e
942 1425 1087 1510 causam
1100 1430 1292 1534 omnium,
1306 1453 1403 1537 quas

161 1535 200 1620 in
224 1539 335 1622 nobit
350 1541 587 1651 experimur,
614 1541 868 1624 mutationum
880 1535 927 1618 ad
951 1537 1040 1620 vitae
1066 1537 1238 1638 tutelam,
1250 1565 1328 1620 non
1342 1537 1401 1619 in·

161 1647 233 1728 viti
254 1647 455 1734 fateantur.
514 1645 840 1757 Qandoquidem
869 1645 986 1755 igitur
1016 1643 1274 1754 dependentia
1308 1649 1400 1731 virae

158 1757 330 1844 humana
356 1761 379 1843 a
408 1759 636 1866 benigniore
650 1757 738 1840 solis
761 1752 913 1839 influxu
929 1757 1090 1864 analoga
1112 1757 1182 1856 est,
1207 1759 1399 1867 quodam·

157 1873 291 1968 modo,
313 1866 575 1978 dependentia
598 1867 768 1948 humanae
800 1865 1008 1948 foeiicitatit
1029 1863 1051 1949 it
1075 1863 1214 1952 divino
1241 1865 1397 1973 favore,

63 2009 67 2014 ·
155 1974 707 2089 stquiturneceffitatemcurae
733 1975 988 2058 Deumnobit
1000 1974 1229 2059 conciliandi
1250 2003 1318 2084 per
1329 1973 1397 2056 be·

153 2091 416 2174 nevoient’ram
438 2083 502 2168 seu
523 2085 741 2169 charitatem
762 2083 1132 2194 univerfilem(quae
1153 2085 1296 2167 cultum
1312 2085 1395 2166 Re·

150 2187 331 2306 iigiosum
358 2203 400 2282 8<
416 2193 767 2303 Justitiamomnem
790 2196 1074 2307 complectitur)
1095 2191 1393 2280 eidemratione

149 2309 283 2392 doceri
307 2307 573 2417 quadocemus
594 2306 748 2389 necesse
769 2305 848 2389 esse
866 2327 910 2386 ut
935 2305 976 2388 iis
994 2331 1272 2390 commoremur
1294 2307 1393 2388 locis

149 2417 188 2500 in
216 2415 356 2530 quibus
380 2416 509 2499 solaris
532 2411 699 2499 influxitt
724 2413 914 2500 beneficio
935 2415 1188 2523 perfruamur.
1244 2414 1390 2498 Eidem

144 2531 293 2638 pariter
315 2531 462 2611 tatione
484 2518 777 2634 praemonemur,
797 2553 846 2609 ne
866 2524 1039 2608 iliiutirae
1062 2553 1130 2637 per
1141 2522 1283 2632 flagitia
1295 2551 1400 2620 cons
1530 2557 1532 2566 ι

144 2637 262 2720 traria
276 2638 422 2720 nosmet
435 2635 692 2740 subjiciamus,
715 2635 792 2744 qui
818 2618 1065 2740 ptdhibemur
1090 2633 1141 2717 ab
1163 2635 1207 2717 iis
1222 2634 1387 2720 locioin·

145 2747 319 2830 colendis
333 2745 400 2828 ubi
422 2745 555 2828 haberi
569 2768 770 2857 nequeunt
786 2745 902 2828 calidi
915 2746 1034 2828 innati
1058 2745 1219 2853 auxilia,
1229 2773 1313 2856 qua
1322 2745 1386 2832 htc

144 2853 267 2940 astole
293 2855 414 2937 indies
437 2854 571 2938 mutuo
597 2856 827 2964 accipimur:
855 2880 920 2938 aut
942 2856 1018 2965 qua
1040 2857 1308 2941 docemurnos
1333 2857 1384 2942 ab

142 2963 187 3046 iio
207 2969 443 3050 iocorum&
468 2963 738 3073 tempestatum
748 2965 943 3050 caloribus
955 2963 1181 3068 subducere,
1193 2968 1230 3050 in
1240 2967 1383 3075 quibua
1500 3013 1505 3024 ·

105 3131 109 3140 ,
141 3075 197 3158 sol
209 3073 427 3183 sanguinem
449 3073 678 3186 spiritusque
700 3072 834 3156 viraler
854 3072 1017 3185 diffipet.

194 3187 231 3278 i.
264 3187 451 3270 xxxiv.
485 3185 629 3269 Verium
657 3179 764 3268 misti
775 3185 847 3270 hac
868 3179 1115 3268 fimiiitudinit
1127 3206 1253 3290 parte,
1278 3215 1380 3298 quo·

139 3291 241 3376 niam
254 3295 465 3378 naturalem
477 3292 734 3403 Theologiam
747 3294 935 3378 non'libet
947 3292 1034 3379 fuse
1046 3295 1242 3402 prosequi,
1258 3299 1380 3382 trans-

140 3431 268 3486 eamus
292 3433 331 3487 ιιι
352 3409 509 3488 aiteram
530 3405 631 3487 illam
645 3403 796 3488 abaere
810 3401 1066 3512 desumptam,
1086 3404 1309 3509 cujustanta
1323 3403 1379 3488 est

138 3510 334 3596 necessitas
355 3513 404 3596 ad
435 3513 599 3599 hominia
634 3519 768 3615 vitam,
782 3535 825 3598 ut
837 3512 1070 3624 singulorum
1082 3513 1377 3626 dependentiam

137 3621 395 3708 dcircutnsusa
416 3623 786 3710 aliorumhominum
808 3625 1056 3708 multitudine
1086 3623 1232 3708 exinde
1254 3619 1375 3708 visuro

135 3734 463 3833 estadumbrare3
489 3757 610 3844 atque
632 3734 1014 3842 huic-comparationi
1029 3727 1174 3819 diutiirt
1193 3737 1374 3820 immota·

10 3875 12 3879 ’
134 3845 276 3942 bimur,
287 3846 469 3954 quoniam
490 3845 688 3930 hominum
699 3849 748 3928 ad
760 3839 798 3924 se
817 3843 982 3926 invicem
1001 3839 1141 3945 officia,
1170 3869 1255 3952 quae
1277 3875 1373 3954 prae·

131 3956 248 4066 cipue
272 3950 496 4063 suscepimus
517 3953 758 4063 explicanda,
781 3951 874 4036 hinc
902 3953 996 4037 'licet
1018 3953 1220 4040 illustrare.
1278 3959 1375 4036 ‘Aer

131 4087 261 4149 autem
282 4089 528 4176 quantopere
549 4062 593 4148 fit
613 4063 665 4150 ad
690 4070 827 4258 vitffi
838 4062 1040 4152 humanam
1061 4061 1305 4247 necessaripsss,
1326 4065 1371 4146 &

858 4195 880 4252 2
1223 4193 1249 4248 v
1289 4191 1374 4275 gua,
