3392 4572
626 215 899 372 Conftdltlrl'a.
1258 285 1363 386 409

234 411 269 510 8.
301 409 394 488 XX.
434 407 528 496 ldeo
539 433 666 496 autern
691 415 931 524 Principibus
944 391 1191 524 pernicioliot
1204 419 1260 502 est
1285 420 1363 503 haec

178 513 361 619 dulitina,
387 521 564 629 quoniam
590 525 721 607 eidem
747 528 867 634 operi
887 527 961 635 qut
986 528 1067 612 illos
1101 531 1141 610 iu
1177 537 1375 611 temerita-

177 650 257 710 tem
280 626 450 735 impellit,
481 661 634 716 omnem
657 631 761 715 limul
774 633 875 742 spem
897 639 1002 718 tollit
1021 636 1239 748 corrigendi
1261 637 1372 749 quic-

176 765 293 846 quam
319 742 511 822 incorum
539 741 722 852 Legibus,
753 742 903 826 fitortt
929 749 1021 856 quic
1049 773 1136 829 uam
1165 751 1206 829 in
1232 747 1277 828 iis·
1302 773 1372 854 per

175 847 376 937 humanam
407 849 707 937 imbecillitatem
730 852 853 935 minus
885 858 985 939 tede
1021 775 1205 938 daturum
1232 856 1366 940 fuerit.

178 955 336 1040 Sustulit
364 963 465 1042 enim
502 961 680 1044 Hobbius
712 990 865 1046 omnem
906 964 1118 1048 mensuram
1152 965 1247 1050 Boni
1274 991 1369 1075 ptae·

177 1079 238 1148 tet
268 1066 384 1152 solam
421 1070 658 1154 voluntatem
685 1075 977 1181 imperantium,
1010 1097 1129 1184 atque
1152 1073 1251 1158 adeb
1274 1073 1367 1156 nihil

176 1177 334 1286 reliquit
357 1207 440 1290 quo
465 1181 531 1262 illa
557 1181 777 1265 emendetur
803 1181 828 1262 st
866 1183 970 1266 foret
1003 1188 1232 1290 peccaverit.
1292 1181 1368 1264 Ni·

176 1284 377 1372 bilominus
413 1289 585 1373 videmus
623 1317 755 1374 omnes
780 1285 932 1400 ubique
957 1293 1133 1375 civitates
1156 1291 1369 1402 Regdlque

176 1399 344 1502 ingenue
367 1405 407 1484 8(
429 1396 595 1480 libenter
618 1399 829 1506 agnoscere
866 1405 906 1482 in
930 1400 1099 1510 Legibus
1137 1398 1368 1510 subsequen·

175 1503 279 1586 tibus
308 1504 344 1589 le
370 1505 586 1590 observasse
613 1510 729 1590 multa
758 1537 836 1590 non
873 1509 962 1593 satis
999 1509 1149 1618 provisa
1177 1513 1218 1592 in
1248 1512 1365 1616 Legi·

176 1615 246 1698 bus
271 1614 375 1722 ptibs
401 1617 501 1716 latis,
523 1618 719 1727 multique
744 1615 781 1698 se
800 1643 869 1727 pet
883 1618 1163 1730 experientiam
1189 1617 1365 1702 didicitse

174 1723 414 1833 Reipublicae
437 1725 517 1809 ell'e
540 1724 692 1808 minime
719 1724 906 1827 lalutaria,
934 1757 1019 1839 quae
1041 1749 1152 1811 antea
1177 1727 1365 1810 existimi-

174 1855 270 1916 tunt
296 1833 383 1918 sore
419 1834 694 1933 saluberrima3
718 1834 895 1943 adebque
916 1837 1050 1944 aperte
1068 1835 1301 1947 profitentur
1325 1839 1364 1918 se

174 1969 224 2026 ex
255 1939 399 2026 effectis
431 1941 666 2026 naturalibus
688 1946 839 2026 actuum
877 1945 1129 2028 humanorum
1169 1945 1363 2054 comperi·

172 2079 216 2134 te
244 2057 374 2162 quales
402 2053 556 2135 tandem
569 2049 638 2136 lint
661 2053 816 2166 publicis
833 2055 942 2136 utiles
956 2055 1020 2138 seu
1043 2053 1149 2154 boni,
1171 2053 1362 2164 necpoffe

174 2162 301 2247 bonos
315 2161 441 2246 lacere
464 2161 717 2272 quoscunque
740 2161 840 2245 actus
862 2163 981 2248 libeat
1003 2165 1208 2274 imperare.
1272 2161 1361 2244 Huc
1455 2264 1459 2270 ι

174 2279 343 2382 pertinet
368 2278 490 2356 omnis
511 2273 698 2357 corredio
725 2271 871 2381 Legum
894 2273 1078 2356 Ciuilium
1118 2279 1159 2358 8(
1185 2270 1359 2378 Judiciu·

175 2409 258 2465 runt
295 2381 496 2465 secundirm
523 2409 585 2462 eas
614 2383 793 2479 latorum,
818 2408 889 2492 per
916 2381 1130 2492 aequitatcm
1171 2387 1212 2465 8(
1249 2403 1361 2462 notas

172 2492 320 2683 etl?
335 2489 715 2704 ltttltl‘llt.
744 2488 1223 2709 itltlltttll‘tll:
1250 2491 1359 2706 'dli

172 2711 436 2820 promulgata)
466 2709 559 2793 elset
584 2733 730 2790 morum
758 2735 905 2790 norma.
938 2733 941 2740 ¹
970 2707 1130 2792 Certum
1153 2705 1209 2787 est
1228 2729 1358 2788 autent

172 2819 315 2900 nullam
368 2821 579 2903 Civitatem
617 2820 683 2901 diu
716 2814 917 2900 confistere
956 2815 1063 2927 polle
1091 2819 1130 2902 in
1172 2845 1248 2927 qua
1287 2817 1356 2900 tali

170 2929 341 3038 aequitati
370 2957 449 3012 non
475 2927 518 3011 fit
539 2931 670 3012 locus:
695 2927 829 3036 Atque
865 2926 965 3010 adeb
992 2927 1035 3008 in
1057 2923 1234 3009 omnibus
1261 2951 1357 3032 quas

60 3085 64 3095 ·
174 3039 347 3119 novimus
388 3037 624 3121 Civitatibus
655 3037 773 3116 multa
809 3031 969 3144 (praeter
1002 3034 1149 3143 Legum
1177 3031 1356 3116 sententi-

172 3147 334 3254 am)'ex
358 3177 471 3256 aequo
500 3155 539 3233 8(
553 3147 659 3246 bono
679 3144 924 3250 dijudicanda
944 3145 1356 3270 relinquuntunQua·

173 3259 495 3478 atttriti
510 3254 717 3474 ltdtfi
740 3251 1354 3473 .tl2l.l⁰¹'l¹.¹¹t.lt¹t{'tllf

20 3525 23 3530 -
172 3483 250 3580 jam
274 3475 450 3560 Hobbius
484 3476 628 3560 fibimet
647 3477 726 3572 ,hac
750 3473 792 3553 in
809 3497 852 3551 re
872 3472 1116 3580 contradicit,
1138 3471 1353 3579 adimitque

170 3585 407 3668 Civitatibus
424 3588 531 3695 quod
544 3583 630 3694 ipfis
647 3579 752 3691 ptiirs
773 3577 993 3664 indulserat.
1012 3583 1075 3663 Sic
1104 3611 1137 3662 c.
1157 3583 1196 3664 6.
1229 3579 1264 3674 l.
1284 3599 1350 3678 13.

174 3690 376 3801 postquam
411 3694 589 3776 attuliss'et
630 3689 847 3801 exemplum
888 3691 1046 3800 aliquod
1085 3693 1351 3772 mandatorum
1435 3778 1440 3788 ι

95 3895 96 3898 Ν
169 3805 393 3909 iniquorum
415 3804 607 3917 inquibus
626 3801 886 3887 obedientiam
913 3797 1087 3908 praestate
1101 3798 1264 3882 Civitati
1287 3823 1354 3879 ne·

172 3933 238 4019 gat
265 3909 404 4000 Civem
429 3917 568 4013 teneri,
603 3938 647 3996 ut
673 3911 901 4018 lrjubeatur
930 3907 1088 4016 seipsum
1115 3907 1350 4012 interficere,

173 4023 235 4106 vel
259 4021 525 4132 imperantem,
536 4027 600 4108 vel
613 4027 829 4210 Pategtem,
855 4019 962 4110 addit
983 4019 1208 4104 haecverba.
1236 4015 1351 4203 usupra]

758 4157 822 4242 gg
1283 4149 1351 4204 lm
