3400 4566
370 135 563 276 DeLege
578 124 950 276 Naturaeejaisque
968 139 1236 280 obligatione.
1371 165 1461 282 26,
1557 91 1560 100 Α

223 337 332 396 veras
355 312 513 412 Causas,
536 317 674 420 &quae
696 309 800 396 causa
813 312 915 422 pius,
934 342 1019 423 quae
1030 317 1152 398 minus
1165 313 1388 404 contribuat
1414 320 1466 404 ad

221 417 323 505 iiunc
338 417 469 530 finem,
494 421 557 503 seu
580 415 769 504 effectum.
799 424 987 533 Utroque
1010 426 1164 508 nomine
1189 429 1376 534 culpanda
1395 459 1463 512 ve·

47 609 50 616 .
220 534 333 616 niunt
347 530 534 639 principia
550 529 754 646 Hobbiana
770 531 908 614 statum
920 533 1132 616 naturalem
1146 534 1369 644 dirigentia,
1382 561 1462 621 tum

218 641 310 752 quia
326 641 438 724 finem
456 661 680 748 proponunt
698 638 818 722 minias
831 639 1044 752 angustum,
1060 643 1386 734 conservationem
1401 649 1461 728 vi·

218 773 277 852 tac,
306 781 350 834 ac
375 751 650 848 membrorum,
675 749 852 856 neglediis
885 751 1021 832 mentis
1061 751 1384 858 perfestionibus,
1414 787 1460 840 ac

219 862 436 943 aeternitatis
468 857 558 965 spe:
588 880 667 940 tum
692 858 806 939 eriam
836 861 931 968 quia
954 859 1160 944 Causarum
1187 863 1457 948 Rationalium

218 973 249 1078 ζ
251 967 327 1050 Dei
342 967 650 1080 Hominumque)
672 970 751 1048 vim
765 965 813 1048 ad
836 995 878 1050 re
910 967 1118 1050 timendam
1134 974 1302 1054 omnium
1317 974 1457 1076 jurium

215 1075 449 1163 invafioncm
475 1079 611 1162 nullius
637 1073 861 1158 momentie
894 1077 916 1157 ‘e
938 1081 1135 1162 contendit
1160 1083 1257 1162 citra
1275 1083 1458 1166 Civitatis

214 1189 540 1274 constitutionem.
579 1185 664 1295 Ego
676 1186 776 1268 verd
790 1184 855 1266 etsr
876 1184 1268 1298 libenteragnoscam,
1296 1191 1456 1276 esocie·

213 1322 296 1386 tate
319 1297 436 1382 Civili
464 1295 666 1405 plurimum
687 1293 839 1378 roboris
851 1293 903 1376 eis
925 1297 1158 1398 accrescere,
1186 1299 1385 1384 contendo
1397 1324 1455 1385 ta·

214 1437 407 1496 mennon
437 1433 535 1515 opus
559 1402 637 1492 effe
658 1425 702 1486 ut
739 1397 975 1491 foelicirirem
1001 1431 1211 1514 quaeramus
1235 1409 1331 1493 alios
1358 1435 1454 1518 prae·
1536 1429 1549 1450 ⁶

212 1518 450 1629 occupando*
466 1517 591 1624 palam
622 1535 689 1596 aut
713 1541 767 1596 err
798 1511 953 1612 infidiis,
978 1510 1044 1597 seu
1070 1517 1220 1600 ruendo
1251 1521 1289 1599 in
1314 1517 1452 1604 statum

212 1629 318 1728 belii,
340 1625 487 1712 semoto
499 1651 567 1736 per
579 1619 809 1734 hypothefin
831 1623 1044 1729 Regiminis
1060 1623 1171 1726 statu,
1196 1624 1259 1708 sed
1277 1629 1358 1711 Dei
1379 1629 1452 1713 ho·

209 1737 431 1848 mintimqne
453 1759 626 1818 naturam
644 1731 794 1816 abunde
819 1729 905 1816 sans
925 1727 1042 1816 causae
1066 1735 1265 1818 continere
1290 1764 1449 1845 cutpo·

208 1847 285 1934 titis
297 1849 459 1931 velimus
481 1870 613 1927 omnes
628 1840 894 1924 benevolentid
903 1839 1124 1942 universali,
1148 1845 1333 1955 omnique
1347 1845 1447 1928 aden
1538 1939 1544 1958 .

77 2017 80 2028 -
207 1961 356 2042 virtute
374 1952 421 2038 ad
431 1965 584 2065 pacem,
597 1947 919 2050 benevolentiam,
933 1949 1036 2075 &ad
1055 1953 1277 2037 societatem
1294 1953 1447 2037 demum
1493 1983 1496 1990 ’

208 2067 419 2156 civilem&
442 2063 584 2146 sacram
597 2059 805 2143 sollicitare.

262 2179 299 2277 q.
330 2173 515 2256 XXXVI.
545 2167 724 2280 Expositi
750 2171 826 2276 jam
865 2169 941 2280 qud
966 2171 1082 2282 potui
1109 2169 1316 2281 brevitate,
1345 2171 1443 2254 sum·

207 2287 267 2372 md
293 2283 485 2371 sententia
503 2279 639 2362 nostrae
652 2279 703 2361 de
724 2279 971 2388 obligationis
993 2283 1174 2364 naturalia
1190 2279 1373 2382 -eisentia,
1399 2289 1441 2367 δι

202 2395 368 2588 ¹qrigine,
379 2389 639 2516 neceffatium·
655 2389 749 2515 duxi
774 2385 969 2578 scrupuiqra
981 2389 1077 2473 duos
1097 2389 1269 2580 eximebrq
1280 2393 1349 2514 qui
1361 2417 1442 2472 me·

202 2519 849 2734 vqtgqanthrtaqittiqqgffiquggtaetqrgqg
859 2499 1261 2732 &iidiirtgldogitlita
1287 2519 1441 2689 iiiteurig

202 2724 369 2834 praemia,
393 2743 439 2804 ut
454 2719 596 2806 indicia
621 2715 690 2798 fior
706 2713 923 2800 sufficientia
948 2715 1198 2824 oblrgationrs
1221 2715 1437 2819 Naturalis,

201 2842 244 2922 δι
267 2828 473 2918 voluntatis
496 2829 624 2936 primae
662 2823 805 2910 Causae.
843 2824 913 2935 (a)
932 2824 1064 2925 Qrdd
1083 2853 1144 2908 ex·
1158 2825 1231 2911 hac
1252 2825 1439 2911 sententia

200 2943 327 3028 videri
349 2940 466 3049 possit
478 2939 695 3020 Commune
715 2935 859 3018 bonum
874 2933 1058 3047 cujusque
1079 2937 1236 3045 privatae
1249 2935 1437 3021 ioeiicitati

198 3052 442 3166 postponi&
466 3043 715 3132 subordinari.
758 3045 953 3126 Neutrum
977 3067 1104 3142 autem
1128 3045 1267 3128 horn'm
1286 3045 1435 3130 veroin

197 3163 363 3247 nostram
376 3157 595 3243 sententiam
606 3151 728 3260 objici
742 3149 849 3265 possie
860 3150 1116 3236 ostendemus.
1143 3155 1313 3238 Primum
1326 3153 1435 3265 quod

200 3273 335 3358 attinet
356 3295 441 3380 quo
462 3265 671 3373 suggeritur
683 3263 869 3346 incertum
891 3259 969 3347 effe
983 3287 1179 3369 poenarum
1192 3291 1236 3344 ac
1259 3261 1436 3373 ptaemio·

202 3405 447 3468 rumnexum
467 3401 554 3458 curn
575 3371 717 3458 ambus
738 3371 894 3480 publice
915 3371 1073 3455 utilibus
1102 3395 1169 3454 aut
1184 3373 1332 3472 noxiis,
1355 3369 1434 3456 hac

202 3489 381 3574 babemus
405 3511 489 3598 qqae
516 3477 724 3590 regerenda
745 3479 940 3606 ridentum
993 3481 1220 3590 Incipiamus
1246 3500 1375 3562 autem
1395 3481 1431 3606 'a

197 3627 267 3794 ta
269 3591 1433 3806 {mnndi⁶33¹,32‘132222iffli‘ztittdrdtziiffi

195 3819 289 3906 inde
308 3813 418 3904 facile
431 3814 576 3928 possint
589 3807 767 3892 aestimari.

249 3924 323 4036 (r)
349 3929 579 4034 Qanquam
600 3918 762 4024 aliquod
783 3937 984 4024 poenarum
1037 3919 1145 4016 entia,
1168 3914 1430 4000 ultio-scilicet

196 4037 377 4138 fimana,
394 4035 448 4136 ,ab
470 4031 609 4120 aurbus
632 4025 780 4136 aliquot
801 4020 992 4215 flqqlitiosta
1009 3939 1174 4136 ieparati
1194 4019 1325 4142 'posse'
1338 4043 1432 4100 con·

863 4187 867 4194 ·
906 4157 958 4242 3·
1297 4147 1435 4234 nogat,
