3384 4578
192 101 197 107 ’
243 159 302 256 82
550 143 613 244 Dc
641 137 821 244 Natura
856 135 1068 264 immane,
1098 150 1161 252 in·
1288 153 1291 169 '

243 313 537 406 contendimus:
565 309 805 396 Sufficitsrerr
822 337 950 396 earum
960 313 1147 397 concursu
1158 312 1250 415 haec,
1262 315 1496 424 quamdixi,.

243 437 307 516 vin
316 423 530 533 consurgat.
572 425 702 528 Quam
716 425 895 531 proxime
917 422 1219 508 antemnae-vis
1236 425 1349 510 animi
1361 425 1502 536 dispo·-

244 544 300 625 nit
325 560 388 618 aut
411 537 575 618 idoneos
592 535 685 618 facit
712 531 956 624 homineaad
979 531 1016 614 se
1042 534 1298 618 continendos
1312 536 1334 621 a
1350 535 1494 619 subita-

245 681 325 736 neo
339 644 478 758 quovis
499 643 710 752 impetu,&
725 643 772 723 ad
789 645 921 728 Mores
940 643 1050 752 juxta
1064 645 1212 754 Legum
1226 645 1353 753 primb
1366 648 1495 729 Natu·

247 764 405 860 talium,
423 755 562 839 deinde
586 751 770 836 Ciuilium
783 781 954 836 normam
981 755 1218 864 dirigendos,
1247 757 1424 867 adeoque
1446 757 1496 839 ad

251 866 476 952 firmandam
490 859 747 972 ampiiffimam
760 861 1167 948 simularantiffimam
1181 865 1499 948 omniumSocie·

249 1003 384 1082 tatem,
398 1003 598 1058 nemo-non
613 975 730 1058 videt.
764 973 832 1056 De
853 977 953 1058 nebia
967 995 1093 1057 autern
1112 975 1295 1074 Ratione,
1314 981 1353 1059 8<
1365 977 1414 1058 de
1426 1003 1499 1059 no·

170 1109 172 1113 ’
250 1090 421 1173 tionibus
444 1081 850 1168 universalibusvisurn
873 1083 929 1167 est
950 1083 1271 1198 pauibcopiosuis
1287 1087 1468 1170 differere
1483 1115 1513 1186 3.

251 1201 395 1308 reliqna
409 1197 540 1304 paucio
559 1195 734 1278 indiciffe
747 1191 912 1277 sufficiet.
1625 1275 1630 1288 ,

307 1309 346 1405 §a
363 1309 411 1390 V.
441 1308 509 1388 De
525 1308 624 1388 retia
637 1303 808 1387 Ratione
820 1301 912 1387 ideb
926 1303 1045 1410 magia
1055 1304 1214 1386 sollicite
1227 1305 1416 1414 agendum
1429 1305 1515 1408 ert,

252 1441 345 1504 turn·
359 1417 450 1528 quia
473 1416 616 1496 rebium
642 1413 894 1497 suiindexest
908 1413 1043 1498 &obli
1074 1413 1125 1512 ui,
1148 1415 1264 1522 eique
1280 1419 1319 1496 in
1341 1417 1504 1500 Morali-

255 1529 449 1610 basidem
473 1521 809 1610 concedendnsest
826 1526 946 1622 loeus,
975 1443 1204 1634 quiianitati
1231 1524 1269 1606 in
1293 1522 1503 1624 Medicina,

253 1641 365 1738 cujus
394 1635 531 1719 notitia
547 1637 771 1718 morborum
785 1631 956 1718 Theorii
984 1633 1102 1740 prior,
1134 1637 1176 1714 br
1197 1636 1327 1716 natura
1342 1635 1508 1720 notiori

256 1771 339 1830 tunt
356 1747 444 1855 quia
465 1746 648 1826 convenit
669 1743 770 1828 inter
787 1741 952 1854 reliquos
966 1743 1274 1854 philosophos&
1288 1742 1507 1845 Hobbium,

257 1883 343 1939 eam
368 1853 446 1938 effe
464 1855 669 1939 Antinoum
695 1851 941 1937 humanarum
957 1853 1147 1962 Regulam
1161 1853 1271 1936 etiam
1298 1876 1507 1961 antequam

256 1966 385 2076 Leges
412 1963 559 2046 Civiiea
585 1961 690 2046 fiant.
736 1963 830 2046 Vid.
856 1966 901 2049 de
917 1973 1022 2064 ciue,
1046 1996 1078 2045 c.
1096 1987 1133 2046 2.
1151 1971 1190 2062 i.
1209 1985 1242 2044 1.
1271 1969 1311 2046 &
1339 1981 1515 2046 annotat..

258 2079 345 2158 lmb
369 2083 409 2160 δι
438 2071 549 2160 srsrbi
577 2073 767 2157 constabit
791 2101 868 2160 non
891 2099 1027 2182 magna
1042 2077 1117 2156 erit
1142 2077 1243 2158 inter
1268 2099 1336 2156 not
1351 2073 1402 2153 de
1424 2077 1508 2181 ejus

260 2183 489 2266 definitione
524 2180 716 2267 dissentio.
773 2181 874 2264 Nam
912 2209 989 2291 cap.
1026 2206 1062 2261 2.
1092 2185 1128 2278 i.
1156 2207 1192 2263 1.
1216 2185 1255 2264 in
1289 2179 1523 2266 Parenthesr·

259 2296 395 2404 (qnam
416 2289 865 2374 Definitionenrvidetur
882 2317 1025 2398 ponere
1040 2292 1166 2398 velle)
1195 2293 1321 2375 innuit
1334 2321 1417 2376 eam
1431 2291 1510 2376 effe
1635 2361 1643 2384 ,

260 2403 463 2484 ueritatem
488 2401 508 2484 ὲ
535 2403 638 2483 vetis
658 2401 865 2507 Principiis
885 2400 986 2484 nesse
1013 2399 1273 2484 ratiocinando
1296 2405 1524 2488 correctam..

261 2513 352 2622 Ego
371 2512 532 2623 quidem·
558 2511 630 2594 hac
648 2509 686 2593 in
711 2513 870 2593 materia
893 2511 1000 2594 restat
1028 2511 1202 2595 Rationis
1224 2539 1365 2596 nornen
1391 2511 1510 2622 panib

263 2618 374 2706 iatiin
387 2645 521 2732 patere
539 2619 739 2704 existimor
774 2619 873 2704 Tam
894 2623 1022 2704 Princi
1053 2627 1088 2705 ia
1100 2621 1163 2703 seu
1178 2622 1372 2706 Veritates
1390 2649 1462 2732 per
1475 2619 1511 2704 se

241 2749 388 2824 'notan
412 2732 528 2838 qnam
555 2729 832 2813 Conciufionea
855 2725 945 2814 inde
965 2653 1146 2815 detibiiau
1164 2731 1441 2838 complebitur,
1469 2737 1519 2818 be

264 2835 448 2947 fignificat
474 2834 652 2920 effectum
677 2837 815 2945 Judicii
852 2863 929 2921 tam
964 2843 1110 2924 noetiei
1143 2844 1260 2952 qu'am
1288 2843 1525 2928 dianoetiei..

265 2949 394 3034 Favet
416 2947 664 3056 Etynroiogia
691 2947 825 3050 Verbi,
846 2975 931 3062 quae
948 2972 1068 3032 ratam
1098 2955 1363 3037 tantumnodo
1387 2955 1517 3049 innuit

266 3056 492 3143 sententiam
514 3056 621 3163 (hoe
635 3055 727 3164 est)
749 3083 907 3159 certam,
931 3059 1119 3162 stabilem,
1148 3062 1263 3144 rebus
1285 3087 1514 3174 congruam,

223 3220 226 3226 ·
268 3169 348 3252 sive
370 3197 415 3251 ea
441 3195 508 3277 per
523 3171 562 3252 se
582 3168 697 3252 fuerit
713 3168 883 3269 evidens,
901 3168 1119 3257 fivemedio
1138 3169 1314 3260 adhibito
1336 3171 1524 3282 probatae

268 3279 397 3362 Favet·
415 3281 529 3360 etiam
555 3277 643 3362 usur
672 3281 739 3390 qni
766 3279 951 3390 loquendi
975 3279 1030 3362 est
1053 3283 1222 3368 arbiter:
1252 3310 1384 3367 omnes
1412 3281 1514 3364 enim

270 3384 561 3470 evidentiisrtnne
574 3392 712 3498 quasqa
727 3389 1008 3498 propofitionet
1019 3389 1086 3497 (ut
1101 3390 1330 3506 impoffibile
1344 3391 1398 3475 est
1413 3389 1522 3475 idem·

270 3499 352 3582 offe
375 3503 415 3582 br
437 3527 516 3582 non
530 3495 638 3604 ess'e)
662 3498 923 3605 probationis
940 3499 1085 3586 diiiatia
1099 3499 1323 3614 agnoscunt,
1346 3529 1425 3589 non
1443 3504 1516 3583 mi·

269 3604 338 3687 nias
363 3607 479 3718 quim
504 3633 568 3689 eas
592 3635 677 3718 quat
703 3608 935 3718 probatione
956 3637 1101 3698 carent.
1159 3617 1249 3698 Nec
1280 3613 1526 3724 repugnabit·

270 3711 373 3796 forte
401 3716 581 3801 Hobbiut
604 3718 735 3801 latiori
756 3717 846 3804 hnic
877 3722 956 3804 usui
980 3723 1203 3806 verborum.
1248 3722 1518 3808 Consentimus

269 3822 423 3907 interim
448 3854 534 3908 cunr
558 3829 626 3911 iiio
641 3857 719 3912 non
735 3829 860 3914 wintelli
889 3831 1024 3916 endam
1045 3831 1121 3915 effe
1142 3833 1362 3918 facultatem
1380 3831 1518 3918 infalli-

270 3933 385 4016 biietn
409 3931 550 4038 (utilio
568 3941 722 4038 multos,
738 3941 801 4023 sed
821 3859 952 4028 neimo
964 3971 1061 4056 quos
1079 3942 1294 4052 intelligere
1306 3941 1465 4028 affirmat
1478 3945 1519 4052 ς)

270 4043 348 4133 seda
364 4069 492 4134 tannen
508 4047 755 4190 inteligendo
768 4045 833 4134 est
857 4051 1014 4154 facultas
1035 4053 1093 4136 his
1107 4055 1245 4164 judicii
1269 4058 1520 4253 affibuiaiffi
