3410 4574
337 216 426 323 186
543 212 607 314 De
620 209 731 350 Lege
752 203 938 309 Natura
957 200 1123 342 ejr'tsqut
1141 197 1412 339 obligatione.

328 368 425 458 falso
439 387 649 480 reputarer.
703 363 911 446 Ausonum
936 357 1253 462 humanarum&
1271 347 1473 441 offefluum
1490 353 1564 445 bo·

329 505 470 566 notum
483 472 751 584 malorumque
765 473 937 556 humanae
954 491 1115 576 nature,
1136 467 1336 576 prasertim
1349 465 1449 549 vero
1469 495 1560 574 ptae·
1686 519 1688 546 2

331 593 512 687 miorum,
535 581 810 694 poenatr'tntque
825 583 871 662 iis
884 577 1158 666 cohaerentium
1172 577 1326 676 notitia,
1348 573 1411 659 seu
1424 605 1561 662 conce·
1687 591 1688 674 ἴ

332 687 1559 808 ptusanimosotmati,&inpropofitionumpratiicarunt,qua·
1687 719 1688 724 ¹

333 813 387 892 les
411 803 602 914 descripfi,
629 801 788 886 formam
812 801 954 882 redatii
981 795 1167 880 sufficiunt
1182 796 1229 878 ad
1242 797 1337 904 legis
1363 794 1555 880 essentiam

332 911 665 1002 constituendam:
691 907 920 1016 Huiusmodi
945 929 1073 991 autem
1096 908 1355 1014 cogitationes
1368 905 1408 986 in
1430 909 1560 990 animis

316 1051 469 1110 eorum
482 1023 547 1131 qui
569 1019 757 1105 surditati
781 1020 862 1101 sunt
876 1045 924 1099 ex
936 1014 1206 1101 observatione
1220 1017 1392 1124 generari
1410 1013 1560 1124 poffint,

333 1133 423 1218 licet
436 1133 644 1216 verborum
669 1129 819 1228 sonum,
841 1150 907 1212 aut
929 1131 1006 1209 vim
1034 1154 1112 1208 non
1132 1129 1302 1234 capiant,
1329 1147 1445 1235 atque
1465 1125 1559 1210 adeo
1687 1221 1688 1232 Ν

335 1242 449 1328 etiam
464 1243 538 1324 iliis
557 1239 794 1323 innotescent
814 1238 917 1346 leges
931 1235 1133 1320 naturales.

298 1419 324 1429 .,
381 1357 428 1438 ,Α
450 1347 625 1456 natura]
654 1345 859 1430 Efficientis
873 1349 1071 1455 mentioin
1095 1345 1167 1425 hac
1180 1339 1408 1427 definitione
1422 1341 1557 1428 facien·

336 1458 386 1544 da
399 1463 487 1563 erit,
500 1459 681 1570 quoniam
694 1486 771 1544 non
786 1457 900 1566 Legis
912 1453 1122 1565 fimpliciter
1133 1450 1325 1536 Definitio
1336 1455 1558 1562 requiritur,

293 1583 294 1588 '
336 1572 402 1654 sed
418 1571 528 1677 Legis
546 1571 716 1676 Naturae,
737 1593 821 1676 quae
835 1591 917 1648 vox
929 1567 1144 1662 authorem,
1159 1563 1224 1645 seu
1242 1561 1477 1646 Efficientem
1498 1589 1559 1647 err·

337 1681 479 1789 primit.
523 1676 673 1759 Natura
696 1674 845 1781 rerurn]
871 1674 1079 1766 nonsolirm
1104 1669 1327 1757 inferiorem
1347 1672 1561 1758 huncnrun·

334 1789 444 1886 dum,
466 1786 575 1890 cujus
593 1817 662 1870 nos
673 1813 755 1896 pars
768 1783 904 1892 sumus,
920 1784 980 1866 sed
996 1786 1036 1866 8(
1048 1783 1129 1888 ejus
1142 1781 1412 1882 Conditorem,
1426 1783 1563 1868 netto

338 1900 495 2006 remque
510 1897 636 1978 Deum
649 1891 860 2005 fignificat
887 1919 1025 2002 nempe
1047 1897 1087 1975 in
1108 1894 1208 1975 hunc
1229 1887 1402 1974 effetium
1417 1915 1461 1974 ut
1475 1897 1564 1978 vert

338 2007 550 2118 judicemus
563 2006 615 2088 de
629 2005 773 2089 attibus
796 2001 844 2083 ad
857 2003 1003 2090 bonum
1019 2003 1209 2111 publicum
1227 2001 1459 2103 necessariis,
1475 2029 1564 2088 con·

339 2139 496 2199 currunt
520 2120 560 2198 8(
585 2115 747 2198 Mundus
762 2135 872 2195 extra
890 2141 972 2212 nos,
997 2110 1187 2222 precipue
1209 2113 1380 2196 homiues
1403 2138 1563 2222 quorum

320 2251 324 2260 ·
340 2253 400 2307 res
416 2227 559 2333 agitur,
581 2225 650 2330 qui
662 2221 854 2327 obteuivt
865 2251 934 2306 nos
947 2221 1115 2302 excitant
1128 2223 1178 2304 ad
1202 2247 1338 2304 eorum
1355 2223 1562 2334 apprehen·

341 2331 483 2416 sionem
506 2336 546 2413 8(
573 2331 936 2429 considerationem,
964 2333 1005 2412 8(
1030 2327 1245 2440 nosmetipfi
1265 2354 1341 2412 tarn
1371 2353 1417 2415 ut
1473 2358 1566 2418 artes

341 2441 495 2526 humani
504 2443 671 2549 generis,
684 2441 801 2552 quim
820 2465 866 2523 ut
886 2437 1101 2524 nostrorum
1117 2443 1264 2524 atinum
1287 2444 1402 2527 causat
1416 2443 1442 2524 li
1513 2469 1567 2539 ae,
1661 2526 1665 2545 ,

285 2581 287 2584 ·
343 2561 384 2638 8(
414 2553 561 2662 insuper
584 2553 708 2650 Deus,
732 2573 772 2632 ut
794 2557 1005 2634 communis
1026 2554 1197 2634 omnium
1222 2548 1344 2650 causa,
1369 2554 1410 2634 8(
1436 2553 1567 2650 reon,

341 2663 451 2764 cujus
469 2660 681 2743 authoritas
691 2661 787 2769 saepe
799 2661 905 2743 veuit
926 2657 1211 2744 confidetanda.
1270 2659 1430 2744 Certum
1445 2686 1567 2746 autem

343 2773 398 2851 est
413 2769 510 2852 solas
531 2795 641 2850 veras
666 2767 963 2877 propositiones,
987 2768 1064 2850 five
1074 2771 1318 2872 theoreticus,
1344 2770 1423 2852 srve
1440 2771 1570 2882 praiii·

344 2877 447 2960 casir
472 2899 606 2958 natura
631 2903 758 2960 rerum
773 2877 1246 2990 mentinostraeimpritni3
1270 2879 1452 2990 quoniam
1472 2883 1569 2965 attio

344 2987 528 3070 naturalis
548 2984 587 3068 id
608 2987 726 3070 solunt
740 2987 899 3088 indicat,
922 2991 1030 3098 quod
1043 2989 1185 3089 existit,
1211 2989 1371 3101 ejrisque
1393 2991 1572 3076 causaest

235 3152 239 3160 -
346 3097 386 3182 in
412 3121 493 3206 quo
518 3093 610 3178 nihil
631 3097 798 3207 unquam
826 3095 886 3178 est.
906 3095 1012 3181 falsa:
1039 3099 1079 3180 'td
1104 3101 1206 3180 eninr
1239 3119 1365 3183 totum
1392 3105 1572 3209 provenit

345 3206 613 3294 “avoluntaria
639 3209 854 3288 temeritate
882 3211 1060 3290 notiones
1087 3211 1362 3316 conjungente,
1389 3233 1456 3292 aut
1474 3210 1572 3321 sepa·

345 3337 456 3402 rante
481 3343 573 3426 quas
596 3338 728 3397 natura
743 3343 821 3400 non
835 3317 1040 3420 conjunxit
1062 3339 1131 3402 aut
1144 3318 1345 3427 separavit.
1387 3321 1428 3402 Si
1452 3326 1572 3434 itaque
1663 3322 1670 3367 ²

347 3427 479 3509 naturi
502 3423 718 3506 cohaereant
738 3423 905 3521 termini,
937 3451 1028 3506 vera
1054 3428 1104 3510 de
1123 3428 1170 3509 iis
1189 3423 1370 3511 affirmata
1395 3427 1464 3511 fiat
1488 3459 1573 3544 pro·

346 3531 500 3644 positio.
541 3531 710 3616 Termini
722 3533 1146 3621 autemcohaerentcirm
1158 3536 1209 3619 ab
1224 3542 1355 3623 eadem
1366 3565 1409 3622 re
1422 3538 1573 3624 diversa·

348 3641 465 3728 mode
485 3640 731 3742 confidunt,
758 3665 824 3724 aut
846 3671 934 3727 cum
954 3643 1068 3729 rebus
1079 3645 1233 3731 diverfis
1256 3658 1493 3759 comparati,
1520 3654 1574 3738 di·

347 3750 447 3833 verfi
460 3757 542 3857 ejus
565 3777 775 3862 conceptus
797 3753 1052 3864 (plerumque
1067 3756 1320 3866 inadaequati)
1343 3763 1574 3872 mentiinge·
1687 3751 1688 3814 Γ

348 3881 494 3942 ruutur.
538 3861 605 3944 De
633 3862 820 3972 negativis
839 3867 1093 3948 autemssveris
1117 3893 1167 3945 ex
1191 3867 1249 3949 his
1270 3868 1383 3954 facile
1404 3871 1460 3955 est
1486 3901 1576 3984 pro·
1687 3871 1688 3922 ³

349 3974 546 4054 nunciare.
599 3971 752 4054 Interim
774 3973 874 4078 juste
896 3975 1101 4058 admodum
1114 3973 1169 4057 hae
1184 3977 1327 4086 Leges,
1348 3981 1414 4063 seu
1433 4011 1575 4093 propo·

350 4079 503 4163 fitiones
522 4099 662 4166 natutae
687 4081 938 4188 ascribuntur,
966 4083 1107 4168 cumea
1132 4085 1348 4196 &ipsarum
1372 4087 1578 4183 Terminus

351 4187 677 4278 &Terminorum
688 4190 958 4279 cohaerentiam
970 4193 1088 4281 menti
1099 4218 1273 4307 exponat
1284 4197 1576 4304 observandam.
1687 4291 1688 4304 Ν

1517 4319 1617 4432 Μ
1687 4319 1688 4398 J

1684 4429 1688 4534 t
