3392 4572
684 645 986 750 <za-Pur
1039 647 1159 756 uu.

312 931 318 938 ’
500 933 564 1036 De
591 923 829 1037 virtutibus
863 923 1099 1031 Moralibus
1141 919 1359 1061 rgillatim.
1495 929 1543 1060 J

276 1279 279 1287 ’
388 1283 575 1396 Xplicato
597 1285 750 1372 tandem
763 1283 939 1369 Dominii
950 1303 1059 1386 ortu,
1084 1308 1129 1364 ac
1151 1281 1348 1392 progreffu
1370 1291 1455 1392 ejus
1472 1313 1550 1394 per

298 1293 385 1501 Ε
412 1393 567 1482 omnem
592 1393 821 1494 societatem,
844 1396 996 1476 Sacram
1010 1418 1164 1502 nempe,
1180 1391 1369 1503 Civilem,
1381 1397 1548 1504 eamque

297 1531 382 1612 quae
396 1504 496 1588 inter
517 1507 685 1592 diversas
694 1503 926 1611 conspicitur
939 1501 1145 1602 Civitates,
1159 1529 1229 1583 nec
1254 1531 1333 1586 non
1348 1505 1449 1585 inter
1473 1507 1549 1586 fa-

299 1608 405 1694 miliae
427 1611 903 1720 partetobiterindicatot
930 1611 1086 1696 transire
1110 1616 1187 1718 jam
1211 1609 1303 1694 libet
1328 1613 1377 1695 ad
1399 1614 1548 1721 specia-

299 1721 375 1802 lem
396 1725 583 1808 virtutum
608 1722 817 1809 Moralium
840 1717 960 1804 minlra
986 1721 1065 1806 late
1088 1721 1299 1830 patentium
1319 1717 1549 1830 descriptio·
1622 1775 1642 1788 ·-

301 1853 402 1914 nem.
459 1831 659 1920 Nonnulla
678 1826 836 1944 quidem
847 1830 900 1914 de
922 1831 967 1914 iis
990 1827 1231 1940 suggellirnus
1242 1832 1283 1912 in
1297 1831 1553 1938 praecedenti·

302 1938 390 2038 bur,
417 1938 560 2030 ubieas
586 1940 821 2030 ostendimus
830 1943 1024 2025 contineri
1043 1965 1086 2023 ut
1109 1963 1241 2049 partes
1254 1939 1291 2019 in
1305 1941 1552 2024 Benevolen-

301 2051 358 2131 tia
371 2050 610 2145 universalia
626 2055 779 2134 Naturae
794 2049 900 2158 Lege
922 2049 1120 2160 imperati.
1154 2045 1297 2131 Verium
1309 2054 1401 2160 quia
1416 2080 1552 2134 earum
1694 2055 1695 2058 ‘

303 2160 404 2244 aurs
427 2165 573 2272 proprii
597 2163 635 2246 in
663 2189 707 2244 ea
733 2158 855 2243 sollrm
878 2157 1164 2270 eonspiciuntur
1192 2161 1362 2261 materia,
1396 2189 1479 2270 quae
1508 2165 1553 2248 in

256 2351 258 2356 ,
305 2268 434 2352 nostra
462 2271 532 2372 est,
544 2272 594 2356 de
603 2279 702 2380 jure,
718 2267 925 2377 potestate,
946 2271 1040 2352 &in
1053 2267 1094 2350 iis
1106 2265 1361 2377 distinguitur
1375 2270 1471 2354 inter
1482 2271 1553 2356 de·

300 2375 438 2464 bita&
461 2380 639 2490 gratuita,
651 2387 751 2466 inter
774 2379 988 2488 superiores
1014 2375 1402 2476 &inferiores,inrer
1420 2379 1552 2466 diver·

305 2485 360 2570 sas
382 2489 576 2590 civitates,
600 2498 642 2578 &
671 2483 845 2592 ejusdem
866 2485 1036 2570 civitatis
1062 2487 1248 2593 membra,
1270 2517 1315 2572 ac
1348 2496 1453 2574 iuter
1478 2493 1556 2576 Ee.-

307 2593 423 2678 clesrae
445 2623 512 2686 aut
541 2603 570 2682 F
573 2599 704 2684 amiliae
721 2620 859 2706 partes,
886 2599 935 2680 ali
967 2595 1031 2680 uid
1053 2599 1279 2710 generatim
1293 2597 1343 2682 de
1363 2598 1554 2683 constitu·

310 2707 422 2796 tione
431 2709 593 2794 dominii
615 2712 655 2793 in
680 2711 768 2792 Res·
795 2714 837 2794 uc·
862 2629 1094 2806 Perlouaa,*e
1116 2707 1273 2815 quobae
1296 2708 1553 2793 omneadill'e·

310 2811 437 2899 rentlae
462 2817 653 2921 oriuntur,
667 2813 879 2903 necessario
899 2844 982 2904 erat
996 2817 1250 2912 tradendum
1279 2817 1555 2928 idqueeprin·

306 2922 420 3030 cipiis
434 2953 516 3035 quae
533 2957 611 3014 non
625 2931 889 3036 supponerent
902 2927 1179 3036 obligationem
1191 2925 1436 3040 ad-speciales
1450 2927 1556 3017 auus

296 3036 601 3138 minutumerar
614 3031 893 3122 deducendum.

301 3205 308 3214 .
372 3143 556 3256 Imprimis
588 3171 715 3250 autem
742 3145 964 3234 notandum..
980 3145 1053 3252 est,
1081 3141 1191 3258 quud
1223 3147 1555 3255 quemadmodum

311 3249 463 3358 Justitia
489 3260 714 3343 universalis
734 3257 828 3341 ideo
849 3253 905 3338 est
930 3253 1061 3342 debita
1073 3279 1223 3342 morum
1237 3257 1435 3364 perfellio,
1451 3287 1554 3370 quo·

311 3365 414 3442 niam
436 3369 648 3466 universali,
666 3371 751 3473 lege
773 3364 823 3448 de
836 3361 1112 3449 constituendis
1134 3363 1175 3446 8<
1194 3362 1384 3450 servandis
1393 3365 1469 3450 suia
1485 3397 1554 3452 cu·

313 3468 408 3580 ique
421 3473 571 3576 juribus
586 3473 799 3585 praecipitur
823 3472 1014 3581 ejusmodi
1038 3476 1228 3574 voluntas,
1254 3475 1318 3557 seu
1335 3475 1450 3558 animi
1462 3507 1555 3589 pro·

318 3581 463 3684 penfio,
483 3583 535 3666 ira
558 3591 723 3669 virtutes
747 3609 879 3666 omnes
903 3583 1148 3692 particulares
1169 3583 1259 3665 ideo
1292 3585 1406 3669 nobis
1431 3585 1555 3671 ineffe

315 3689 471 3796 debent,
496 3695 559 3780 seu
586 3692 679 3778 ideo
700 3691 915 3802 obligamur
930 3691 977 3772 ad
1001 3719 1079 3793 eas,
1092 3695 1185 3802 quia
1201 3692 1235 3774 a.
1251 3697 1474 3800 particulari
1485 3697 1556 3777 ali·

315 3823 392 3903 qua
417 3803 505 3910 lege
526 3805 699 3903 Naturae,
722 3831 804 3914 quae
824 3799 1072 3886 inuniversali
1086 3803 1147 3886 illa
1158 3827 1273 3910 quam
1283 3803 1442 3890 diximus
1455 3833 1561 3888 con·

316 3909 475 4010 tinetur,
496 3916 746 4020 imperantur.
774 3911 1169 4023 Sulquidemnaturl,
1187 3911 1554 4012 nuntiatorum,

317 4019 425 4105 bonae
449 4021 544 4124 sunt,
568 4021 655 4132 quia
675 4019 723 4101 ad
742 4023 891 4104 ,Bonum
917 4023 1081 4106 univerl'r
1108 4021 1244 4106 statum
1267 4023 1444 4109 faciunt:
1472 4025 1554 4108 Sed

314 4129 506 4237 obligatio
530 4131 702 4233 Moralis,
720 4129 1103 4240 &indinatadebiti
1118 4135 1353 4222 naturasrne
1376 4135 1571 4328 respellaud.
1685 4145 1687 4220 l
