3384 4578
278 171 356 292 64
684 149 748 247 De
776 139 956 246 Natura
981 145 1150 288 lictum.
1215 207 1216 212 κ

284 331 388 438 sunt,
398 337 462 409 aut
486 349 622 412 eorum
644 349 723 432 ope
735 326 803 432 qui
829 319 909 404 haec
934 315 1203 430 agnoscunt,fi
1230 317 1316 402 usus
1344 320 1514 432 pullulet,

287 435 548 550 procuranda.
623 433 817 517 Econrra
849 431 1093 540 Anticipatio
1127 427 1334 512 Hobbiana
1367 453 1516 512 conatur

289 551 385 632 alios
404 575 537 632 omnes
566 543 616 625 ad
628 573 673 628 ea
696 569 837 651 cogere
860 567 944 650 quae
967 539 1163 624 fallusunt
1185 539 1298 650 plane
1320 537 1516 651 impolltbi·

260 653 266 666 '
290 660 359 760 lia,
383 683 454 740 nec
477 655 598 761 minias
612 654 802 738 voluntati
827 674 942 758 quam
966 652 1150 759 potentiae
1170 647 1367 732 hominum
1388 674 1518 758 repug-

292 789 399 850 nant.
456 765 606 849 Scilicet
627 763 767 844 exinde
782 758 912 866 lrnguli
935 757 973 841 id
999 781 1131 868 agunt,
1145 779 1520 867 utcontorqueantur

292 905 426 960 omnes
449 876 496 956 ad
525 873 589 955 fibi
600 873 681 954 solis
694 894 875 980 tanquam
900 865 1047 950 summis
1071 867 1233 953 dominis
1257 867 1520 951 obediendum.

286 984 442 1096 ›Crimqa
459 983 687 1090 fingulorum
702 978 858 1088 imperia
871 976 1088 1081 hujusmodi
1101 979 1266 1064 aliorum
1278 985 1448 1062 omnium
1461 982 1522 1060 im·

294 1100 417 1206 perlis
455 1095 476 1176 ὲ
505 1093 699 1174 diametro
723 1112 952 1198 repugnent,
989 1116 1067 1174 non
1090 1087 1208 1171 mimis
1231 1083 1454 1196 impollibile
1475 1084 1524 1168 est

248 1219 256 1232 '
295 1229 340 1290 ut
366 1229 500 1290 eorum
533 1203 641 1311 plura
667 1199 771 1282 limul
794 1201 964 1308 valeant,
990 1199 1105 1308 quim
1131 1221 1174 1280 ut
1195 1195 1298 1280 idem
1322 1227 1463 1308 corpus
1492 1197 1526 1278 in

295 1315 398 1398 mille
421 1309 617 1422 oppofitos
631 1309 732 1422 simul
764 1309 869 1392 locos
881 1331 1100 1392 moveatur.
1128 1311 1279 1392 Pariter
1301 1306 1437 1391 ferere
1465 1332 1529 1414 ug·

296 1447 363 1508 nat
382 1445 425 1507 ut
438 1419 689 1532 impolsrbilia,
700 1419 904 1530 postquam
923 1417 1003 1500 haec
1016 1419 1120 1501 clare
1141 1417 1295 1526 cognita
1309 1420 1409 1521 sunt,
1458 1419 1529 1500 lla·

297 1538 332 1618 ri
362 1533 483 1614 velint
507 1529 694 1628 homines,
721 1557 764 1608 ac
788 1553 830 1610 ut
846 1557 890 1612 ea
913 1528 1054 1636 exequi
1078 1523 1229 1636 pollint.
1300 1527 1443 1638 Atque¹
1459 1528 1530 1607 haec

291 1641 482 1752 ,equidem
510 1641 531 1720 ὲ
561 1663 692 1720 natura
720 1637 976 1735 rationalium,
1005 1643 1045 1720 ὅ(
1075 1635 1271 1745 principiis
1299 1644 1383 1719 veri
1409 1635 1531 1745 judicii

198 1839 202 1848 ,
289 1750 469 1862 prasticis
491 1745 597 1857 (quae
610 1746 857 1830 rationalibus
871 1753 1108 1862 inquantum
1129 1745 1316 1826 talersunt
1328 1747 1533 1860 insunt)de·

289 1864 380 1948 sum
407 1881 447 1942 ta
472 1857 692 1966 ostendunt,
713 1858 819 1966 quod
835 1857 923 1939 inde
949 1855 1432 1939 sciamusBenevolentiam
1454 1863 1533 1940 uni·

301 1894 489 2054 verlalem
510 1997 600 2080 erga
626 1997 692 2050 eos
718 1964 838 2076 magis
863 1963 1040 2075 prodelle
1068 1967 1184 2076 quiam
1211 1964 1534 2074 Antieipationem

293 2081 560 2166 Hobbianam.
618 2077 731 2159 Plura
756 2076 901 2188 quaead
917 2075 992 2160 hoc
1021 2097 1139 2183 caput
1151 2073 1282 2158 reduci
1296 2071 1450 2184 poffint,
1460 2073 1536 2186 sug·
1652 2073 1654 2116 ²

299 2217 490 2300 geremus,
515 2183 802 2271 ubideNatura
815 2188 990 2270 Humana
1006 2185 1056 2265 de
1069 2183 1285 2267 industrias
1313 2185 1423 2270 imus.

358 2302 399 2396 l.
427 2299 617 2378 XXXIV.
652 2294 727 2379 Hic
751 2294 988 2382 duotantum
1002 2294 1180 2396 adjiciam
1200 2322 1250 2376 ex
1264 2212 1408 2380 castis
1427 2295 1536 2381 multa

296 2409 479 2491 omnium
500 2405 716 2490 saeculorum
741 2406 983 2513 experientia
1005 2403 1226 2505 observatis,
1254 2433 1337 2516 quae
1360 2407 1400 2490 id
1426 2405 1536 2519 ipsum

210 2514 213 2523 ’
299 2515 545 2604 confirmant.
607 2539 641 2600 1.
676 2517 812 2626 Regna
840 2516 1081 2601 contermina
1110 2515 1298 2620 majorem
1337 2517 1537 2630 experiun·
1577 2619 1581 2626 Ι

301 2652 369 2714 rur
389 2629 647 2728 securitatem,
661 2633 703 2712 ὃ(
731 2625 919 2712 dulciores
945 2629 1050 2733 pacis
1072 2625 1216 2711 fruitus
1240 2625 1280 2708 vi
1292 2625 1481 2712 foederum
1493 2623 1539 2707 de

307 2767 403 2849 pace
427 2740 626 2835 initorum,
654 2761 739 2844 quae
762 2734 838 2820 soll
858 2735 1157 2844 fide&aliquali
1179 2734 1537 2826 benevolentilmu·
1654 2771 1655 2780 ἰ

306 2839 727 2955 tuiconfistunt,quim
752 2845 838 2929 ciam
860 2867 1035 2952 apertum
1050 2849 1150 2928 inter
1172 2873 1217 2928 ea
1231 2849 1377 2956 geritur
1390 2849 1540 2942 bellum,

309 2965 352 3044 &
374 2955 541 3040 aliialios
565 2959 606 3038 vi
636 2975 701 3036 aut
716 2981 764 3036 ex
788 2953 1137 3067 insidiisoccupant.
1199 2981 1235 3038 2.
1261 2959 1305 3039 ln
1327 2957 1405 3066 ipsa
1431 2957 1540 3041 socie·

307 3064 723 3151 tateCiviliinnumeri
744 3067 829 3150 sunt
842 3063 958 3161 casus,
973 3066 1162 3175 inquibus
1185 3066 1402 3152 authoritas
1427 3068 1539 3156 &vis

198 3189 201 3196 ⁴
300 3174 486 3262 coerciva
498 3172 765 3285 imperantium
779 3175 818 3258 se
847 3198 1043 3285 nequeunt
1054 3200 1240 3266 exereres
1268 3177 1469 3288 inquibus
1490 3199 1544 3259 ta·

310 3281 602 3394 mensaepiffime
627 3283 871 3370 observamus
898 3283 1069 3368 homines
1088 3313 1179 3394 erga
1204 3288 1243 3370 se
1270 3289 1410 3371 mutuo
1436 3291 1544 3372 inno·

310 3395 456 3496 centiae,
495 3392 604 3501 fidei,
630 3393 886 3504 gratitudinis,
900 3391 1105 3584 aliarumipr
1134 3413 1324 3480 virtutum
1351 3399 1455 3508 leges
1477 3397 1544 3483 ob·

310 3506 478 3604 servare,
500 3507 541 3586 8<
561 3503 686 3586 multi)
709 3503 862 3613 parcitis
875 3503 992 3615 quim
1015 3508 1052 3588 in
1108 3527 1172 3588 atu
1199 3504 1291 3590 belli
1315 3511 1480 3594 nocendi
1502 3507 1542 3590 li·

311 3616 478 3697 centiam
513 3611 661 3697 fibinet
692 3641 886 3723 arrogare.
942 3613 1074 3698 Nemo
1098 3615 1282 3722 majorem
1306 3617 1422 3702 habet
1446 3622 1545 3703 secu·

318 3722 485 3824 ritatem,
508 3723 618 3834 quod
639 3725 721 3806 vita
742 3722 817 3824 sua,
843 3745 909 3808 aut
934 3728 1207 3834 patrimonium
1235 3727 1303 3838 ipsa
1329 3757 1407 3812 non
1432 3727 1544 3835 eripi·

311 3849 396 3915 etur
416 3833 632 3917 concivium
653 3832 802 3918 suorum
814 3835 1003 3946 perjurio,
1014 3831 1158 3944 falsilq3
1179 3835 1422 3943 testimoniis,
1460 3837 1544 3920 uim

313 3969 397 4068 quae
430 3935 593 4024 nascitur
623 3967 673 4028 ex
700 3943 1001 4045 hominumfide,
1024 3947 1132 4048 cujus
1154 3945 1410 4036 violationem
1433 3871 1544 4031 livi·

310 4061 356 4141 lrs
381 4049 626 4163 Magistratus
651 4051 740 4139 tarb
771 4054 953 4166 detegere
972 4051 1085 4164 poffit
1110 4075 1175 4140 aut
1186 4062 1338 4166 punire.
1403 4056 1544 4144 Verum

1122 4199 1125 4204 ’
1471 4191 1545 4252 non
