<?xml version="1.0" encoding="UTF-8"?>
<!DOCTYPE html PUBLIC "-//W3C//DTD XHTML 1.0 Transitional//EN"
    "http://www.w3.org/TR/xhtml1/DTD/xhtml1-transitional.dtd">
<html xmlns="http://www.w3.org/1999/xhtml" xml:lang="en" lang="en">
 <head>
  <title>
</title>
<meta http-equiv="Content-Type" content="text/html;charset=utf-8" />
  <meta name='ocr-system' content='tesseract 3.04.00' />
  <meta name='ocr-capabilities' content='ocr_page ocr_carea ocr_par ocr_line ocrx_word'/>
</head>
<body>
  <div class='ocr_page' id='page_1' title='image "./delegibusnatura00cumbgoog_0064.png"; bbox 0 0 3418 4568; ppageno 0'>
   <div class='ocr_carea' id='block_1_1' title="bbox 765 155 1096 293">
    <p class='ocr_par' dir='ltr' id='par_1_1' title="bbox 765 155 1096 293">
     <span class='ocr_line' id='line_1_1' title="bbox 765 155 1096 293; baseline -0.012 -39"><span class='ocrx_word' id='word_1_1' title='bbox 765 155 1096 293; x_wconf 63' lang='lat' dir='ltr'><em>prolegomena·</em></span> 
     </span>
    </p>
   </div>
   <div class='ocr_carea' id='block_1_2' title="bbox 264 326 1545 2312">
    <p class='ocr_par' dir='ltr' id='par_1_2' title="bbox 264 326 1545 2312">
     <span class='ocr_line' id='line_1_2' title="bbox 283 326 1530 447; baseline 0.002 -33"><span class='ocrx_word' id='word_1_2' title='bbox 283 330 431 443; x_wconf 86' lang='lat' dir='ltr'><em>pensari</em></span> <span class='ocrx_word' id='word_1_3' title='bbox 442 336 492 420; x_wconf 84' lang='lat' dir='ltr'><em>de</em></span> <span class='ocrx_word' id='word_1_4' title='bbox 500 345 589 440; x_wconf 82' lang='lat' dir='ltr'><em>Lege</em></span> <span class='ocrx_word' id='word_1_5' title='bbox 618 341 876 418; x_wconf 84' lang='lat' dir='ltr'><em>Doniniorunu</em></span> <span class='ocrx_word' id='word_1_6' title='bbox 905 326 1118 447; x_wconf 65' lang='lat' dir='ltr'><em>diuisurum</em></span> <span class='ocrx_word' id='word_1_7' title='bbox 1126 327 1359 444; x_wconf 78' lang='lat' dir='ltr'><em>stabiliente,</em></span> <span class='ocrx_word' id='word_1_8' title='bbox 1382 327 1434 418; x_wconf 64' lang='grc' dir='ltr'><em>ῥ’</em></span> <span class='ocrx_word' id='word_1_9' title='bbox 1458 333 1530 416; x_wconf 87' lang='lat' dir='ltr'><em>ali·</em></span> 
     </span>
     <span class='ocr_line' id='line_1_3' title="bbox 288 441 1531 559; baseline 0.002 -37"><span class='ocrx_word' id='word_1_10' title='bbox 288 455 350 526; x_wconf 90' lang='lat' dir='ltr'><em>eni</em></span> <span class='ocrx_word' id='word_1_11' title='bbox 363 448 582 553; x_wconf 75' lang='lat' dir='ltr'><em>invasionem</em></span> <span class='ocrx_word' id='word_1_12' title='bbox 599 443 823 555; x_wconf 80' lang='lat' dir='ltr'><em>probibente,</em></span> <span class='ocrx_word' id='word_1_13' title='bbox 835 441 875 559; x_wconf 88' lang='lat' dir='ltr'><em>sl</em></span> <span class='ocrx_word' id='word_1_14' title='bbox 895 457 993 524; x_wconf 88' lang='lat' dir='ltr'><em>Deus</em></span> <span class='ocrx_word' id='word_1_15' title='bbox 1031 445 1175 526; x_wconf 85' lang='lat' dir='ltr'><em>licitum</em></span> <span class='ocrx_word' id='word_1_16' title='bbox 1195 443 1322 548; x_wconf 76' lang='lat' dir='ltr'><em>farciat</em></span> <span class='ocrx_word' id='word_1_17' title='bbox 1353 441 1531 552; x_wconf 76' lang='lat' dir='ltr'><em>israeliti·</em></span> 
     </span>
     <span class='ocr_line' id='line_1_4' title="bbox 289 548 1531 666; baseline -0.003 -32"><span class='ocrx_word' id='word_1_18' title='bbox 289 569 543 638; x_wconf 85' lang='lat' dir='ltr'><em>Cananaorum</em></span> <span class='ocrx_word' id='word_1_19' title='bbox 554 567 594 636; x_wconf 90' lang='lat' dir='ltr'><em>in</em></span> <span class='ocrx_word' id='word_1_20' title='bbox 616 567 652 666; x_wconf 89' lang='lat' dir='ltr'><em>ip</em></span> <span class='ocrx_word' id='word_1_21' title='bbox 646 549 731 663; x_wconf 70' lang='lat' dir='ltr'><em>siena</em></span> <span class='ocrx_word' id='word_1_22' title='bbox 746 557 1024 664; x_wconf 85' lang='lat' dir='ltr'><em>delinquentium</em></span> <span class='ocrx_word' id='word_1_23' title='bbox 1036 571 1169 636; x_wconf 80' lang='lat' dir='ltr'><em>terrain</em></span> <span class='ocrx_word' id='word_1_24' title='bbox 1187 548 1372 632; x_wconf 80' lang='lat' dir='ltr'><em>invadere.</em></span> <span class='ocrx_word' id='word_1_25' title='bbox 1388 561 1531 664; x_wconf 66' lang='lat' dir='ltr'><em>Quippe</em></span> 
     </span>
     <span class='ocr_line' id='line_1_5' title="bbox 287 659 1529 767; baseline 0.006 -24"><span class='ocrx_word' id='word_1_26' title='bbox 287 663 414 745; x_wconf 86' lang='lat' dir='ltr'><em>eadcua</em></span> <span class='ocrx_word' id='word_1_27' title='bbox 434 663 500 746; x_wconf 79' lang='lat' dir='ltr'><em>ila</em></span> <span class='ocrx_word' id='word_1_28' title='bbox 514 681 593 747; x_wconf 83' lang='lat' dir='ltr'><em>Len</em></span> <span class='ocrx_word' id='word_1_29' title='bbox 615 668 778 746; x_wconf 79' lang='lat' dir='ltr'><em>decernit</em></span> <span class='ocrx_word' id='word_1_30' title='bbox 791 661 929 767; x_wconf 86' lang='lat' dir='ltr'><em>Neceffe</em></span> <span class='ocrx_word' id='word_1_31' title='bbox 954 659 1019 766; x_wconf 69' lang='lat' dir='ltr'><em>effic</em></span> <span class='ocrx_word' id='word_1_32' title='bbox 1046 661 1099 744; x_wconf 81' lang='lat' dir='ltr'><em>ad</em></span> <span class='ocrx_word' id='word_1_33' title='bbox 1108 674 1245 744; x_wconf 79' lang='lat' dir='ltr'><em>Bonum</em></span> <span class='ocrx_word' id='word_1_34' title='bbox 1269 676 1461 745; x_wconf 79' lang='lat' dir='ltr'><em>conrnune</em></span> <span class='ocrx_word' id='word_1_35' title='bbox 1488 689 1529 750; x_wconf 88' lang='lat' dir='ltr'><em>ut</em></span> 
     </span>
     <span class='ocr_line' id='line_1_6' title="bbox 288 767 1527 884; baseline 0.002 -34"><span class='ocrx_word' id='word_1_36' title='bbox 288 785 367 854; x_wconf 92' lang='lat' dir='ltr'><em>Deo</em></span> <span class='ocrx_word' id='word_1_37' title='bbox 377 785 555 884; x_wconf 77' lang='lat' dir='ltr'><em>imprimis</em></span> <span class='ocrx_word' id='word_1_38' title='bbox 570 777 754 857; x_wconf 87' lang='lat' dir='ltr'><em>tribuatur</em></span> <span class='ocrx_word' id='word_1_39' title='bbox 762 775 964 855; x_wconf 84' lang='lat' dir='ltr'><em>dominium</em></span> <span class='ocrx_word' id='word_1_40' title='bbox 988 767 1084 852; x_wconf 78' lang='lat' dir='ltr'><em>ilud</em></span> <span class='ocrx_word' id='word_1_41' title='bbox 1109 782 1321 854; x_wconf 83' lang='lat' dir='ltr'><em>turinensin</em></span> <span class='ocrx_word' id='word_1_42' title='bbox 1345 799 1464 856; x_wconf 85' lang='lat' dir='ltr'><em>onnes</em></span> <span class='ocrx_word' id='word_1_43' title='bbox 1477 777 1527 861; x_wconf 65' lang='lat' dir='ltr'><em>ab</em></span> 
     </span>
     <span class='ocr_line' id='line_1_7' title="bbox 288 879 1531 993; baseline 0.006 -31"><span class='ocrx_word' id='word_1_44' title='bbox 288 893 430 992; x_wconf 81' lang='lat' dir='ltr'><em>onnia,</em></span> <span class='ocrx_word' id='word_1_45' title='bbox 453 897 558 968; x_wconf 85' lang='lat' dir='ltr'><em>cu‘us</em></span> <span class='ocrx_word' id='word_1_46' title='bbox 580 893 622 963; x_wconf 85' lang='lat' dir='ltr'><em>vi</em></span> <span class='ocrx_word' id='word_1_47' title='bbox 644 879 714 991; x_wconf 87' lang='lat' dir='ltr'><em>ipsc</em></span> <span class='ocrx_word' id='word_1_48' title='bbox 731 885 758 991; x_wconf 82' lang='lat'><em>(</em></span> <span class='ocrx_word' id='word_1_49' title='bbox 759 883 960 992; x_wconf 87' lang='lat' dir='ltr'><em>quotiesaal</em></span> <span class='ocrx_word' id='word_1_50' title='bbox 968 879 1156 993; x_wconf 78' lang='lat' dir='ltr'><em>firmarant</em></span> <span class='ocrx_word' id='word_1_51' title='bbox 1158 884 1276 989; x_wconf 81' lang='lat' dir='ltr'><em>fincrn</em></span> <span class='ocrx_word' id='word_1_52' title='bbox 1286 883 1331 964; x_wconf 86' lang='lat' dir='ltr'><em>id</em></span> <span class='ocrx_word' id='word_1_53' title='bbox 1338 885 1531 969; x_wconf 84' lang='lat' dir='ltr'><em>conducere</em></span> 
     </span>
     <span class='ocr_line' id='line_1_8' title="bbox 286 921 1531 1103; baseline 0.003 -34"><span class='ocrx_word' id='word_1_54' title='bbox 286 921 511 1098; x_wconf 72' lang='lat' dir='ltr'><em>videbiturl</em></span> <span class='ocrx_word' id='word_1_55' title='bbox 528 995 668 1103; x_wconf 88' lang='lat' dir='ltr'><em>auferre</em></span> <span class='ocrx_word' id='word_1_56' title='bbox 674 991 788 1103; x_wconf 84' lang='lat' dir='ltr'><em>potest</em></span> <span class='ocrx_word' id='word_1_57' title='bbox 796 993 999 1074; x_wconf 82' lang='lat' dir='ltr'><em>dominium</em></span> <span class='ocrx_word' id='word_1_58' title='bbox 1011 989 1173 1098; x_wconf 75' lang='lat' dir='ltr'><em>cujusvis</em></span> <span class='ocrx_word' id='word_1_59' title='bbox 1197 1015 1366 1074; x_wconf 85' lang='lat' dir='ltr'><em>creatura</em></span> <span class='ocrx_word' id='word_1_60' title='bbox 1376 993 1531 1101; x_wconf 80' lang='lat' dir='ltr'><em>instaura</em></span> 
     </span>
     <span class='ocr_line' id='line_1_9' title="bbox 286 1101 1530 1210; baseline 0.002 -25"><span class='ocrx_word' id='word_1_61' title='bbox 286 1111 433 1191; x_wconf 67' lang='lat' dir='ltr'><em>vitarat</em></span> <span class='ocrx_word' id='word_1_62' title='bbox 474 1135 517 1185; x_wconf 87' lang='lat' dir='ltr'><em>ac</em></span> <span class='ocrx_word' id='word_1_63' title='bbox 548 1104 642 1186; x_wconf 87' lang='lat' dir='ltr'><em>bona</em></span> <span class='ocrx_word' id='word_1_64' title='bbox 665 1101 716 1192; x_wconf 55' lang='lat' dir='ltr'><em>cb*</em></span> <span class='ocrx_word' id='word_1_65' title='bbox 735 1101 832 1184; x_wconf 78' lang='lat' dir='ltr'><em>atad</em></span> <span class='ocrx_word' id='word_1_66' title='bbox 852 1109 893 1180; x_wconf 90' lang='lat' dir='ltr'><em>in</em></span> <span class='ocrx_word' id='word_1_67' title='bbox 920 1104 1072 1193; x_wconf 87' lang='lat' dir='ltr'><em>alteraeu</em></span> <span class='ocrx_word' id='word_1_68' title='bbox 1094 1102 1295 1210; x_wconf 86' lang='lat' dir='ltr'><em>transferre</em></span> <span class='ocrx_word' id='word_1_69' title='bbox 1316 1129 1381 1210; x_wconf 89' lang='lat' dir='ltr'><em>per</em></span> <span class='ocrx_word' id='word_1_70' title='bbox 1399 1105 1530 1188; x_wconf 85' lang='lat' dir='ltr'><em>idonea</em></span> 
     </span>
     <span class='ocr_line' id='line_1_10' title="bbox 264 1208 1528 1330; baseline 0.002 -35"><span class='ocrx_word' id='word_1_71' title='bbox 264 1213 484 1312; x_wconf 61' lang='lat' dir='ltr'><em>uoluntate?</em></span> <span class='ocrx_word' id='word_1_72' title='bbox 498 1212 578 1322; x_wconf 76' lang='lat' dir='ltr'><em>siaa</em></span> <span class='ocrx_word' id='word_1_73' title='bbox 590 1210 629 1330; x_wconf 74' lang='lat' dir='ltr'><strong><em>fi</em></strong></span> <span class='ocrx_word' id='word_1_74' title='bbox 644 1239 722 1308; x_wconf 63' lang='lat' dir='ltr'><em>nas</em></span> <span class='ocrx_word' id='word_1_75' title='bbox 747 1211 894 1322; x_wconf 87' lang='lat' dir='ltr'><em>quadiu</em></span> <span class='ocrx_word' id='word_1_76' title='bbox 907 1208 1453 1326; x_wconf 74' lang='lat' dir='ltr'><em>cafiaprapapitafaitaaafaiffi</em></span> <span class='ocrx_word' id='word_1_77' title='bbox 1478 1216 1528 1297; x_wconf 93' lang='lat' dir='ltr'><em>le·</em></span> 
     </span>
     <span class='ocr_line' id='line_1_11' title="bbox 280 1245 1525 1436; baseline 0.005 -34"><span class='ocrx_word' id='word_1_78' title='bbox 280 1331 429 1434; x_wconf 76' lang='lat' dir='ltr'><em>gimus5</em></span> <span class='ocrx_word' id='word_1_79' title='bbox 456 1323 551 1405; x_wconf 84' lang='lat' dir='ltr'><em>unde</em></span> <span class='ocrx_word' id='word_1_80' title='bbox 581 1245 831 1432; x_wconf 64' lang='lat' dir='ltr'><em>Jsbaetircsaa</em></span> <span class='ocrx_word' id='word_1_81' title='bbox 843 1318 918 1436; x_wconf 78' lang='lat' dir='ltr'><em>sbi</em></span> <span class='ocrx_word' id='word_1_82' title='bbox 931 1321 1189 1417; x_wconf 77' lang='lat' dir='ltr'><em>vendicabant,</em></span> <span class='ocrx_word' id='word_1_83' title='bbox 1202 1327 1525 1408; x_wconf 84' lang='lat' dir='ltr'><em>nonalienainva·</em></span> 
     </span>
     <span class='ocr_line' id='line_1_12' title="bbox 287 1427 1530 1544; baseline 0 -28"><span class='ocrx_word' id='word_1_84' title='bbox 287 1435 399 1516; x_wconf 81' lang='lat' dir='ltr'><em>alendi</em></span> <span class='ocrx_word' id='word_1_85' title='bbox 418 1431 626 1544; x_wconf 84' lang='lat' dir='ltr'><em>potestaten</em></span> <span class='ocrx_word' id='word_1_86' title='bbox 649 1427 881 1541; x_wconf 77' lang='lat' dir='ltr'><em>accipiebant.</em></span> <span class='ocrx_word' id='word_1_87' title='bbox 951 1439 1093 1514; x_wconf 81' lang='lat' dir='ltr'><em>Pariter</em></span> <span class='ocrx_word' id='word_1_88' title='bbox 1119 1441 1230 1514; x_wconf 88' lang='lat' dir='ltr'><em>etiarn</em></span> <span class='ocrx_word' id='word_1_89' title='bbox 1255 1465 1329 1516; x_wconf 88' lang='lat' dir='ltr'><em>non</em></span> <span class='ocrx_word' id='word_1_90' title='bbox 1349 1435 1530 1544; x_wconf 88' lang='lat' dir='ltr'><em>dispensa·</em></span> 
     </span>
     <span class='ocr_line' id='line_1_13' title="bbox 279 1545 1529 1652; baseline -0.002 -25"><span class='ocrx_word' id='word_1_91' title='bbox 279 1561 346 1627; x_wconf 86' lang='lat' dir='ltr'><em>&#39;tur</em></span> <span class='ocrx_word' id='word_1_92' title='bbox 362 1545 408 1624; x_wconf 86' lang='lat' dir='ltr'><em>dc</em></span> <span class='ocrx_word' id='word_1_93' title='bbox 425 1559 514 1649; x_wconf 84' lang='lat' dir='ltr'><em>Lege</em></span> <span class='ocrx_word' id='word_1_94' title='bbox 541 1573 616 1652; x_wconf 85' lang='lat' dir='ltr'><em>qua</em></span> <span class='ocrx_word' id='word_1_95' title='bbox 636 1563 777 1652; x_wconf 85' lang='lat' dir='ltr'><em>propter</em></span> <span class='ocrx_word' id='word_1_96' title='bbox 799 1554 934 1622; x_wconf 87' lang='lat' dir='ltr'><em>Bonum</em></span> <span class='ocrx_word' id='word_1_97' title='bbox 955 1566 1138 1622; x_wconf 86' lang='lat' dir='ltr'><em>couencunc</em></span> <span class='ocrx_word' id='word_1_98' title='bbox 1160 1563 1261 1626; x_wconf 84' lang='lat' dir='ltr'><em>votat</em></span> <span class='ocrx_word' id='word_1_99' title='bbox 1278 1549 1529 1630; x_wconf 76' lang='lat' dir='ltr'><em>innocentibus</em></span> 
     </span>
     <span class='ocr_line' id='line_1_14' title="bbox 285 1647 1529 1771; baseline 0.002 -36"><span class='ocrx_word' id='word_1_100' title='bbox 285 1681 425 1754; x_wconf 83' lang='lat' dir='ltr'><em>nocere,</em></span> <span class='ocrx_word' id='word_1_101' title='bbox 436 1651 474 1771; x_wconf 79' lang='lat' dir='ltr'><em>sl</em></span> <span class='ocrx_word' id='word_1_102' title='bbox 488 1651 630 1762; x_wconf 86' lang='lat' dir='ltr'><em>quando</em></span> <span class='ocrx_word' id='word_1_103' title='bbox 641 1653 999 1758; x_wconf 84' lang='lat' dir='ltr'><em>jubeaturirrnocens</em></span> <span class='ocrx_word' id='word_1_104' title='bbox 1020 1647 1131 1757; x_wconf 76' lang='lat' dir='ltr'><em>(cura</em></span> <span class='ocrx_word' id='word_1_105' title='bbox 1159 1651 1212 1733; x_wconf 87' lang='lat' dir='ltr'><em>ael</em></span> <span class='ocrx_word' id='word_1_106' title='bbox 1232 1656 1325 1736; x_wconf 85' lang='lat' dir='ltr'><em>bunc</em></span> <span class='ocrx_word' id='word_1_107' title='bbox 1336 1660 1529 1763; x_wconf 74' lang='lat' dir='ltr'><em>suenone·</em></span> 
     </span>
     <span class='ocr_line' id='line_1_15' title="bbox 284 1757 1528 1874; baseline 0.004 -30"><span class='ocrx_word' id='word_1_108' title='bbox 284 1759 472 1868; x_wconf 86' lang='lat' dir='ltr'><em>ceffierium</em></span> <span class='ocrx_word' id='word_1_109' title='bbox 481 1759 551 1874; x_wconf 84' lang='lat' dir='ltr'><em>ast)</em></span> <span class='ocrx_word' id='word_1_110' title='bbox 570 1762 772 1871; x_wconf 85' lang='lat' dir='ltr'><em>periculum</em></span> <span class='ocrx_word' id='word_1_111' title='bbox 794 1785 914 1858; x_wconf 83' lang='lat' dir='ltr'><em>nouo,</em></span> <span class='ocrx_word' id='word_1_112' title='bbox 935 1757 1389 1874; x_wconf 80' lang='lat' dir='ltr'><em>ipslrcvenrortcnafiabirc</em></span> <span class='ocrx_word' id='word_1_113' title='bbox 1405 1793 1427 1844; x_wconf 81' lang='lat' dir='ltr'><em>c.</em></span> <span class='ocrx_word' id='word_1_114' title='bbox 1450 1779 1528 1848; x_wconf 87' lang='lat' dir='ltr'><em>Dco</em></span> 
     </span>
     <span class='ocr_line' id='line_1_16' title="bbox 276 1867 1534 1985; baseline 0.002 -31"><span class='ocrx_word' id='word_1_115' title='bbox 276 1871 478 1984; x_wconf 82' lang='lat' dir='ltr'><em>presertim</em></span> <span class='ocrx_word' id='word_1_116' title='bbox 504 1875 726 1954; x_wconf 82' lang='lat' dir='ltr'><em>voluntatem</em></span> <span class='ocrx_word' id='word_1_117' title='bbox 743 1869 853 1978; x_wconf 78' lang='lat' dir='ltr'><em>fiuant</em></span> <span class='ocrx_word' id='word_1_118' title='bbox 866 1867 934 1952; x_wconf 82' lang='lat' dir='ltr'><em>hae</em></span> <span class='ocrx_word' id='word_1_119' title='bbox 953 1883 995 1951; x_wconf 90' lang='lat' dir='ltr'><em>in</em></span> <span class='ocrx_word' id='word_1_120' title='bbox 1019 1867 1169 1980; x_wconf 76' lang='lat' dir='ltr'><em>refitls</em></span> <span class='ocrx_word' id='word_1_121' title='bbox 1192 1871 1309 1985; x_wconf 77' lang='lat' dir='ltr'><em>apertl</em></span> <span class='ocrx_word' id='word_1_122' title='bbox 1323 1874 1534 1958; x_wconf 63' lang='lat' dir='ltr'><em>indicantia</em></span> 
     </span>
     <span class='ocr_line' id='line_1_17' title="bbox 284 1979 1545 2092; baseline -0.001 -27"><span class='ocrx_word' id='word_1_123' title='bbox 284 1995 382 2066; x_wconf 83' lang='lat' dir='ltr'><em>Hinc</em></span> <span class='ocrx_word' id='word_1_124' title='bbox 400 1994 498 2067; x_wconf 87' lang='lat' dir='ltr'><em>enirn</em></span> <span class='ocrx_word' id='word_1_125' title='bbox 519 1981 570 2073; x_wconf 70' lang='lat' dir='ltr'><em>cb</em></span> <span class='ocrx_word' id='word_1_126' title='bbox 603 1995 683 2065; x_wconf 82' lang='lat' dir='ltr'><em>Deo</em></span> <span class='ocrx_word' id='word_1_127' title='bbox 703 1991 865 2064; x_wconf 82' lang='lat' dir='ltr'><em>omniunt</em></span> <span class='ocrx_word' id='word_1_128' title='bbox 889 1990 980 2090; x_wconf 84' lang='lat' dir='ltr'><em>Regi</em></span> <span class='ocrx_word' id='word_1_129' title='bbox 996 1979 1091 2088; x_wconf 83' lang='lat' dir='ltr'><em>sucus</em></span> <span class='ocrx_word' id='word_1_130' title='bbox 1111 1979 1274 2092; x_wconf 74' lang='lat' dir='ltr'><em>defertur</em></span> <span class='ocrx_word' id='word_1_131' title='bbox 1296 1981 1435 2082; x_wconf 75' lang='lat' dir='ltr'><em>honos5</em></span> <span class='ocrx_word' id='word_1_132' title='bbox 1476 1983 1545 2072; x_wconf 61' lang='lat' dir='ltr'><em>&amp;l</em></span> 
     </span>
     <span class='ocr_line' id='line_1_18' title="bbox 284 2087 1528 2210; baseline 0 -35"><span class='ocrx_word' id='word_1_133' title='bbox 284 2091 473 2206; x_wconf 76' lang='lat' dir='ltr'><em>aptiffiuci,</em></span> <span class='ocrx_word' id='word_1_134' title='bbox 485 2105 572 2204; x_wconf 86' lang='lat' dir='ltr'><em>quic</em></span> <span class='ocrx_word' id='word_1_135' title='bbox 572 2087 779 2197; x_wconf 71' lang='lat' dir='ltr'><em>secundine</em></span> <span class='ocrx_word' id='word_1_136' title='bbox 788 2089 890 2210; x_wconf 82' lang='lat' dir='ltr'><em>ipsus</em></span> <span class='ocrx_word' id='word_1_137' title='bbox 890 2091 1084 2202; x_wconf 80' lang='lat' dir='ltr'><em>judicium</em></span> <span class='ocrx_word' id='word_1_138' title='bbox 1086 2092 1306 2203; x_wconf 77' lang='lat' dir='ltr'><em>scamnafini</em></span> <span class='ocrx_word' id='word_1_139' title='bbox 1317 2093 1528 2202; x_wconf 81' lang='lat' dir='ltr'><em>conflabitur.</em></span> 
     </span>
     <span class='ocr_line' id='line_1_19' title="bbox 269 2201 1530 2312; baseline 0.003 -28"><span class='ocrx_word' id='word_1_140' title='bbox 269 2202 454 2312; x_wconf 46' lang='lat' dir='ltr'><em>,Adco‘que</em></span> <span class='ocrx_word' id='word_1_141' title='bbox 472 2215 581 2284; x_wconf 90' lang='lat' dir='ltr'><em>unius</em></span> <span class='ocrx_word' id='word_1_142' title='bbox 605 2206 839 2282; x_wconf 74' lang='lat' dir='ltr'><em>incolumitas</em></span> <span class='ocrx_word' id='word_1_143' title='bbox 863 2201 1008 2310; x_wconf 86' lang='lat' dir='ltr'><em>nonest</em></span> <span class='ocrx_word' id='word_1_144' title='bbox 1032 2201 1097 2280; x_wconf 88' lang='lat' dir='ltr'><em>boc</em></span> <span class='ocrx_word' id='word_1_145' title='bbox 1121 2215 1162 2282; x_wconf 91' lang='lat' dir='ltr'><em>in</em></span> <span class='ocrx_word' id='word_1_146' title='bbox 1189 2204 1273 2310; x_wconf 78' lang='lat' dir='ltr'><em>casu</em></span> <span class='ocrx_word' id='word_1_147' title='bbox 1295 2207 1357 2286; x_wconf 84' lang='lat' dir='ltr'><em>uel</em></span> <span class='ocrx_word' id='word_1_148' title='bbox 1367 2210 1530 2310; x_wconf 86' lang='lat' dir='ltr'><em>parrvel</em></span> 
     </span>
    </p>
   </div>
   <div class='ocr_carea' id='block_1_3' title="bbox 260 2305 1526 2722">
    <p class='ocr_par' dir='ltr' id='par_1_3' title="bbox 283 2305 1525 2502">
     <span class='ocr_line' id='line_1_20' title="bbox 283 2305 1525 2502; baseline 0.002 -108"><span class='ocrx_word' id='word_1_149' title='bbox 283 2311 392 2421; x_wconf 79' lang='lat' dir='ltr'><em>caufit</em></span> <span class='ocrx_word' id='word_1_150' title='bbox 414 2320 506 2395; x_wconf 83' lang='lat' dir='ltr'><em>Boni</em></span> <span class='ocrx_word' id='word_1_151' title='bbox 528 2319 754 2416; x_wconf 73' lang='lat' dir='ltr'><em>coronante,</em></span> <span class='ocrx_word' id='word_1_152' title='bbox 801 2307 850 2390; x_wconf 86' lang='lat' dir='ltr'><em>cal</em></span> <span class='ocrx_word' id='word_1_153' title='bbox 872 2306 892 2390; x_wconf 78' lang='lat' dir='ltr'><em>l</em></span> <span class='ocrx_word' id='word_1_154' title='bbox 912 2305 1045 2396; x_wconf 76' lang='lat' dir='ltr'><em>oontrlt.</em></span> <span class='ocrx_word' id='word_1_155' title='bbox 1064 2325 1142 2420; x_wconf 84' lang='lat' dir='ltr'><em>ejus</em></span> <span class='ocrx_word' id='word_1_156' title='bbox 1161 2341 1261 2392; x_wconf 88' lang='lat' dir='ltr'><em>noxa</em></span> <span class='ocrx_word' id='word_1_157' title='bbox 1278 2326 1434 2502; x_wconf 78' lang='lat' dir='ltr'><em>ponitur</em></span> <span class='ocrx_word' id='word_1_158' title='bbox 1461 2314 1525 2422; x_wconf 82' lang='lat' dir='ltr'><em>effe</em></span> 
     </span>
    </p>

    <p class='ocr_par' dir='ltr' id='par_1_4' title="bbox 260 2421 1526 2532">
     <span class='ocr_line' id='line_1_21' title="bbox 260 2421 1526 2532; baseline 0.007 -32"><span class='ocrx_word' id='word_1_159' title='bbox 260 2423 446 2507; x_wconf 80' lang='lat' dir='ltr'><em>&#39;medium</em></span> <span class='ocrx_word' id='word_1_160' title='bbox 469 2421 522 2502; x_wconf 83' lang='lat' dir='ltr'><em>ad</em></span> <span class='ocrx_word' id='word_1_161' title='bbox 543 2421 640 2504; x_wconf 84' lang='lat' dir='ltr'><em>illud</em></span> <span class='ocrx_word' id='word_1_162' title='bbox 658 2450 741 2501; x_wconf 85' lang='lat' dir='ltr'><em>nece</em></span> <span class='ocrx_word' id='word_1_163' title='bbox 771 2429 903 2502; x_wconf 81' lang='lat' dir='ltr'><em>ariam.</em></span> <span class='ocrx_word' id='word_1_164' title='bbox 951 2431 1045 2508; x_wconf 76' lang='lat' dir='ltr'><em>,Hae</em></span> <span class='ocrx_word' id='word_1_165' title='bbox 1071 2439 1189 2500; x_wconf 85' lang='lat' dir='ltr'><em>autern</em></span> <span class='ocrx_word' id='word_1_166' title='bbox 1209 2421 1279 2502; x_wconf 86' lang='lat' dir='ltr'><em>ind</em></span> <span class='ocrx_word' id='word_1_167' title='bbox 1330 2423 1526 2532; x_wconf 78' lang='lat' dir='ltr'><em>elucescent</em></span> 
     </span>
    </p>

    <p class='ocr_par' dir='ltr' id='par_1_5' title="bbox 284 2527 1525 2722">
     <span class='ocr_line' id='line_1_22' title="bbox 284 2527 1525 2722; baseline 0.006 -110"><span class='ocrx_word' id='word_1_168' title='bbox 284 2531 442 2652; x_wconf 75' lang='lat' dir='ltr'><em>magtsss</em></span> <span class='ocrx_word' id='word_1_169' title='bbox 462 2529 717 2722; x_wconf 49' lang='lat' dir='ltr'><em>cor&#39;fiderenaus</em></span> <span class='ocrx_word' id='word_1_170' title='bbox 742 2539 942 2612; x_wconf 81' lang='lat' dir='ltr'><em>veritatem</em></span> <span class='ocrx_word' id='word_1_171' title='bbox 957 2532 1137 2638; x_wconf 84' lang='lat' dir='ltr'><em>generalis</em></span> <span class='ocrx_word' id='word_1_172' title='bbox 1150 2527 1525 2650; x_wconf 71' lang='lat' dir='ltr'><em>hujuspropostionra‚</em></span> 
     </span>
     <span class='ocr_line' id='line_1_23' title="bbox 517 2669 559 2722; baseline 0 0"><span class='ocrx_word' id='word_1_173' title='bbox 517 2669 559 2722; x_wconf 88' lang='lat' dir='ltr'><em>er</em></span> 
     </span>
    </p>
   </div>
   <div class='ocr_carea' id='block_1_4' title="bbox 117 2638 1530 4180">
    <p class='ocr_par' dir='ltr' id='par_1_6' title="bbox 117 2638 1530 4180">
     <span class='ocr_line' id='line_1_24' title="bbox 265 2638 1523 2754; baseline 0.002 -32"><span class='ocrx_word' id='word_1_174' title='bbox 265 2642 407 2728; x_wconf 74' lang='lat' dir='ltr'><em>causa</em></span> <span class='ocrx_word' id='word_1_175' title='bbox 427 2669 501 2725; x_wconf 90' lang='lat' dir='ltr'><em>con</em></span> <span class='ocrx_word' id='word_1_176' title='bbox 562 2669 658 2724; x_wconf 80' lang='lat' dir='ltr'><em>vans</em></span> <span class='ocrx_word' id='word_1_177' title='bbox 686 2639 818 2750; x_wconf 86' lang='lat' dir='ltr'><em>quoad</em></span> <span class='ocrx_word' id='word_1_178' title='bbox 837 2638 965 2751; x_wconf 85' lang='lat' dir='ltr'><em>potest</em></span> <span class='ocrx_word' id='word_1_179' title='bbox 987 2661 1134 2747; x_wconf 78' lang='lat' dir='ltr'><em>totum,</em></span> <span class='ocrx_word' id='word_1_180' title='bbox 1155 2641 1361 2724; x_wconf 84' lang='lat' dir='ltr'><em>conservat</em></span> <span class='ocrx_word' id='word_1_181' title='bbox 1392 2645 1523 2754; x_wconf 83' lang='lat' dir='ltr'><em>quoad</em></span> 
     </span>
     <span class='ocr_line' id='line_1_25' title="bbox 283 2749 1530 2872; baseline 0.006 -42"><span class='ocrx_word' id='word_1_182' title='bbox 283 2749 414 2860; x_wconf 43' lang='lat' dir='ltr'><em>potest*</em></span> <span class='ocrx_word' id='word_1_183' title='bbox 435 2777 580 2849; x_wconf 60' lang='lat' dir='ltr'><em>omnm,</em></span> <span class='ocrx_word' id='word_1_184' title='bbox 625 2780 698 2832; x_wconf 91' lang='lat' dir='ltr'><em>nora</em></span> <span class='ocrx_word' id='word_1_185' title='bbox 724 2761 862 2834; x_wconf 84' lang='lat' dir='ltr'><em>mutari</em></span> <span class='ocrx_word' id='word_1_186' title='bbox 884 2761 924 2832; x_wconf 89' lang='lat' dir='ltr'><em>in</em></span> <span class='ocrx_word' id='word_1_187' title='bbox 949 2751 1032 2860; x_wconf 83' lang='lat' dir='ltr'><em>cafia</em></span> <span class='ocrx_word' id='word_1_188' title='bbox 1047 2760 1183 2859; x_wconf 58' lang='lat' dir='ltr'><em>‘wavra</em></span> <span class='ocrx_word' id='word_1_189' title='bbox 1204 2753 1439 2858; x_wconf 78' lang='lat' dir='ltr'><em>particulari,</em></span> <span class='ocrx_word' id='word_1_190' title='bbox 1466 2751 1530 2872; x_wconf 75' lang='lat' dir='ltr'><em>ets</em></span> 
     </span>
     <span class='ocr_line' id='line_1_26' title="bbox 285 2857 1524 2976; baseline 0.004 -35"><span class='ocrx_word' id='word_1_191' title='bbox 285 2861 481 2972; x_wconf 85' lang='lat' dir='ltr'><em>aliquando</em></span> <span class='ocrx_word' id='word_1_192' title='bbox 507 2867 691 2967; x_wconf 89' lang='lat' dir='ltr'><em>contingat</em></span> <span class='ocrx_word' id='word_1_193' title='bbox 713 2879 893 2946; x_wconf 86' lang='lat' dir='ltr'><em>utnanus</em></span> <span class='ocrx_word' id='word_1_194' title='bbox 910 2857 1009 2966; x_wconf 70' lang='lat' dir='ltr'><em>sana</em></span> <span class='ocrx_word' id='word_1_195' title='bbox 1032 2857 1291 2976; x_wconf 72' lang='lat' dir='ltr'><em>indefensam</em></span> <span class='ocrx_word' id='word_1_196' title='bbox 1317 2871 1445 2970; x_wconf 82' lang='lat' dir='ltr'><em>capitia</em></span> <span class='ocrx_word' id='word_1_197' title='bbox 1459 2889 1524 2974; x_wconf 90' lang='lat' dir='ltr'><em>pe·</em></span> 
     </span>
     <span class='ocr_line' id='line_1_27' title="bbox 257 2967 1523 3160; baseline 0.004 -111"><span class='ocrx_word' id='word_1_198' title='bbox 257 2974 398 3053; x_wconf 91' lang='lat' dir='ltr'><em>·riculo</em></span> <span class='ocrx_word' id='word_1_199' title='bbox 412 2967 570 3090; x_wconf 76' lang='lat' dir='ltr'><em>exposta</em></span> <span class='ocrx_word' id='word_1_200' title='bbox 581 2971 627 3052; x_wconf 92' lang='lat' dir='ltr'><em>ab</em></span> <span class='ocrx_word' id='word_1_201' title='bbox 636 2987 787 3052; x_wconf 85' lang='lat' dir='ltr'><em>externa</em></span> <span class='ocrx_word' id='word_1_202' title='bbox 812 2979 853 3050; x_wconf 87' lang='lat' dir='ltr'><em>vi</em></span> <span class='ocrx_word' id='word_1_203' title='bbox 871 2969 1121 3160; x_wconf 68' lang='lat' dir='ltr'><em>abscindatur.</em></span> <span class='ocrx_word' id='word_1_204' title='bbox 1179 2969 1404 3080; x_wconf 83' lang='lat' dir='ltr'><em>Oslcradinaue</em></span> <span class='ocrx_word' id='word_1_205' title='bbox 1426 2985 1523 3055; x_wconf 87' lang='lat' dir='ltr'><em>enirn</em></span> 
     </span>
     <span class='ocr_line' id='line_1_28' title="bbox 255 3080 1522 3190; baseline 0.005 -30"><span class='ocrx_word' id='word_1_206' title='bbox 255 3097 259 3108; x_wconf 89' lang='lat'>&#39;</span> <span class='ocrx_word' id='word_1_207' title='bbox 282 3099 390 3164; x_wconf 89' lang='lat' dir='ltr'><em>antea</em></span> <span class='ocrx_word' id='word_1_208' title='bbox 413 3083 665 3188; x_wconf 74' lang='lat' dir='ltr'><em>obligationem</em></span> <span class='ocrx_word' id='word_1_209' title='bbox 681 3099 887 3190; x_wconf 87' lang='lat' dir='ltr'><em>perpetuane</em></span> <span class='ocrx_word' id='word_1_210' title='bbox 931 3109 1034 3162; x_wconf 89' lang='lat' dir='ltr'><em>arum</em></span> <span class='ocrx_word' id='word_1_211' title='bbox 1057 3093 1192 3189; x_wconf 84' lang='lat' dir='ltr'><em>Legunt</em></span> <span class='ocrx_word' id='word_1_212' title='bbox 1208 3080 1370 3189; x_wconf 85' lang='lat' dir='ltr'><em>fundari</em></span> <span class='ocrx_word' id='word_1_213' title='bbox 1398 3093 1439 3164; x_wconf 92' lang='lat' dir='ltr'><em>in</em></span> <span class='ocrx_word' id='word_1_214' title='bbox 1459 3113 1522 3166; x_wconf 89' lang='lat' dir='ltr'><em>ve·</em></span> 
     </span>
     <span class='ocr_line' id='line_1_29' title="bbox 253 3189 1521 3310; baseline 0.006 -42"><span class='ocrx_word' id='word_1_215' title='bbox 253 3203 392 3274; x_wconf 88' lang='lat' dir='ltr'><em>&#39;ritate</em></span> <span class='ocrx_word' id='word_1_216' title='bbox 411 3189 656 3310; x_wconf 78' lang='lat' dir='ltr'><em>propostionia</em></span> <span class='ocrx_word' id='word_1_217' title='bbox 675 3193 845 3299; x_wconf 73' lang='lat' dir='ltr'><em>praliica</em></span> <span class='ocrx_word' id='word_1_218' title='bbox 870 3219 942 3298; x_wconf 81' lang='lat' dir='ltr'><em>quc</em></span> <span class='ocrx_word' id='word_1_219' title='bbox 977 3199 1018 3270; x_wconf 94' lang='lat' dir='ltr'><em>in</em></span> <span class='ocrx_word' id='word_1_220' title='bbox 1050 3189 1118 3274; x_wconf 84' lang='lat' dir='ltr'><em>bac</em></span> <span class='ocrx_word' id='word_1_221' title='bbox 1131 3189 1331 3300; x_wconf 81' lang='lat' dir='ltr'><em>fundatur,</em></span> <span class='ocrx_word' id='word_1_222' title='bbox 1360 3189 1411 3278; x_wconf 61' lang='grc' dir='ltr'><strong><em>ὠ</em></strong></span> <span class='ocrx_word' id='word_1_223' title='bbox 1435 3193 1521 3278; x_wconf 89' lang='lat' dir='ltr'><em>ideo</em></span> 
     </span>
     <span class='ocr_line' id='line_1_30' title="bbox 277 3297 989 3489; baseline 0.003 -108"><span class='ocrx_word' id='word_1_224' title='bbox 277 3307 417 3405; x_wconf 88' lang='lat' dir='ltr'><em>pariter</em></span> <span class='ocrx_word' id='word_1_225' title='bbox 433 3301 488 3489; x_wconf 53' lang='lat' dir='ltr'><em>,es</em></span> <span class='ocrx_word' id='word_1_226' title='bbox 509 3297 606 3383; x_wconf 83' lang='lat' dir='ltr'><em>nula</em></span> <span class='ocrx_word' id='word_1_227' title='bbox 629 3299 765 3406; x_wconf 83' lang='lat' dir='ltr'><em>incafia</em></span> <span class='ocrx_word' id='word_1_228' title='bbox 790 3300 989 3386; x_wconf 80' lang='lat' dir='ltr'><em>mutabilia.</em></span> 
     </span>
     <span class='ocr_line' id='line_1_31' title="bbox 337 3408 1522 3522; baseline 0.005 -34"><span class='ocrx_word' id='word_1_229' title='bbox 337 3409 427 3505; x_wconf 68' lang='lat' dir='ltr'><em>§.X</em></span> <span class='ocrx_word' id='word_1_230' title='bbox 474 3411 524 3492; x_wconf 83' lang='lat' dir='ltr'><em>V.</em></span> <span class='ocrx_word' id='word_1_231' title='bbox 553 3422 609 3487; x_wconf 90' lang='lat' dir='ltr'><em>De</em></span> <span class='ocrx_word' id='word_1_232' title='bbox 637 3409 875 3517; x_wconf 75' lang='lat' dir='ltr'><em>Conseliariia</em></span> <span class='ocrx_word' id='word_1_233' title='bbox 889 3437 968 3517; x_wconf 80' lang='lat' dir='ltr'><em>-quae</em></span> <span class='ocrx_word' id='word_1_234' title='bbox 1000 3417 1041 3494; x_wconf 88' lang='lat' dir='ltr'><em>ira</em></span> <span class='ocrx_word' id='word_1_235' title='bbox 1067 3408 1237 3522; x_wconf 87' lang='lat' dir='ltr'><em>sequenti</em></span> <span class='ocrx_word' id='word_1_236' title='bbox 1263 3413 1431 3493; x_wconf 79' lang='lat' dir='ltr'><em>Trallatu</em></span> <span class='ocrx_word' id='word_1_237' title='bbox 1458 3411 1522 3494; x_wconf 87' lang='lat' dir='ltr'><em>ele·</em></span> 
     </span>
     <span class='ocr_line' id='line_1_32' title="bbox 279 3514 1520 3646; baseline 0.006 -50"><span class='ocrx_word' id='word_1_238' title='bbox 279 3515 458 3599; x_wconf 85' lang='lat' dir='ltr'><em>aluxiruue</em></span> <span class='ocrx_word' id='word_1_239' title='bbox 476 3517 576 3602; x_wconf 87' lang='lat' dir='ltr'><em>nibil</em></span> <span class='ocrx_word' id='word_1_240' title='bbox 592 3514 821 3604; x_wconf 71' lang='lat' dir='ltr'><em>bicdicam</em></span> <span class='ocrx_word' id='word_1_241' title='bbox 847 3527 1018 3646; x_wconf 76' lang='lat' dir='ltr'><em>quonian</em></span> <span class='ocrx_word' id='word_1_242' title='bbox 1044 3531 1281 3604; x_wconf 89' lang='lat' dir='ltr'><em>nonoccurrit</em></span> <span class='ocrx_word' id='word_1_243' title='bbox 1305 3529 1427 3602; x_wconf 89' lang='lat' dir='ltr'><em>aniuao</em></span> <span class='ocrx_word' id='word_1_244' title='bbox 1441 3519 1520 3604; x_wconf 86' lang='lat' dir='ltr'><em>rneo</em></span> 
     </span>
     <span class='ocr_line' id='line_1_33' title="bbox 251 3621 1519 3740; baseline 0.005 -32"><span class='ocrx_word' id='word_1_245' title='bbox 251 3638 468 3739; x_wconf 84' lang='lat' dir='ltr'><em>·quicquaru</em></span> <span class='ocrx_word' id='word_1_246' title='bbox 492 3659 559 3740; x_wconf 85' lang='lat' dir='ltr'><em>que</em></span> <span class='ocrx_word' id='word_1_247' title='bbox 583 3655 626 3707; x_wconf 87' lang='lat' dir='ltr'><em>ea</em></span> <span class='ocrx_word' id='word_1_248' title='bbox 657 3627 719 3708; x_wconf 85' lang='lat' dir='ltr'><em>vel</em></span> <span class='ocrx_word' id='word_1_249' title='bbox 745 3627 905 3728; x_wconf 81' lang='lat' dir='ltr'><em>brevius,</em></span> <span class='ocrx_word' id='word_1_250' title='bbox 933 3633 997 3712; x_wconf 86' lang='lat' dir='ltr'><em>vel</em></span> <span class='ocrx_word' id='word_1_251' title='bbox 1016 3621 1133 3735; x_wconf 77' lang='lat' dir='ltr'><em>maglo</em></span> <span class='ocrx_word' id='word_1_252' title='bbox 1156 3625 1333 3739; x_wconf 76' lang='lat' dir='ltr'><em>perspicui</em></span> <span class='ocrx_word' id='word_1_253' title='bbox 1356 3632 1519 3714; x_wconf 81' lang='lat' dir='ltr'><em>traderer.</em></span> 
     </span>
     <span class='ocr_line' id='line_1_34' title="bbox 281 3736 1518 3854; baseline 0.007 -39"><span class='ocrx_word' id='word_1_254' title='bbox 281 3747 414 3816; x_wconf 84' lang='lat' dir='ltr'><em>Dicam</em></span> <span class='ocrx_word' id='word_1_255' title='bbox 446 3758 567 3820; x_wconf 87' lang='lat' dir='ltr'><em>tarucn</em></span> <span class='ocrx_word' id='word_1_256' title='bbox 591 3765 647 3816; x_wconf 87' lang='lat' dir='ltr'><em>nee</em></span> <span class='ocrx_word' id='word_1_257' title='bbox 670 3765 742 3818; x_wconf 94' lang='lat' dir='ltr'><em>non</em></span> <span class='ocrx_word' id='word_1_258' title='bbox 764 3745 890 3819; x_wconf 83' lang='lat' dir='ltr'><em>omnia</em></span> <span class='ocrx_word' id='word_1_259' title='bbox 921 3739 1096 3843; x_wconf 58' lang='lat' dir='ltr'><em>indoluisse</em></span> <span class='ocrx_word' id='word_1_260' title='bbox 1118 3742 1229 3822; x_wconf 87' lang='lat' dir='ltr'><em>utilia</em></span> <span class='ocrx_word' id='word_1_261' title='bbox 1251 3765 1325 3850; x_wconf 82' lang='lat' dir='ltr'><em>quo</em></span> <span class='ocrx_word' id='word_1_262' title='bbox 1349 3736 1368 3820; x_wconf 77' lang='lat' dir='ltr'><em>l</em></span> <span class='ocrx_word' id='word_1_263' title='bbox 1389 3741 1518 3854; x_wconf 80' lang='lat' dir='ltr'><em>nostris</em></span> 
     </span>
     <span class='ocr_line' id='line_1_35' title="bbox 246 3843 1517 3957; baseline 0.006 -32"><span class='ocrx_word' id='word_1_264' title='bbox 246 3863 250 3872; x_wconf 90' lang='grc'><strong>“</strong></span> <span class='ocrx_word' id='word_1_265' title='bbox 271 3845 392 3956; x_wconf 80' lang='lat' dir='ltr'><em>sponte</em></span> <span class='ocrx_word' id='word_1_266' title='bbox 404 3867 556 3930; x_wconf 78' lang='lat' dir='ltr'><em>manant</em></span> <span class='ocrx_word' id='word_1_267' title='bbox 570 3855 785 3957; x_wconf 62' lang='lat' dir='ltr'><em>principib,</em></span> <span class='ocrx_word' id='word_1_268' title='bbox 812 3877 875 3928; x_wconf 89' lang='lat' dir='ltr'><em>nec</em></span> <span class='ocrx_word' id='word_1_269' title='bbox 892 3845 1025 3954; x_wconf 85' lang='lat' dir='ltr'><em>pofficrn</em></span> <span class='ocrx_word' id='word_1_270' title='bbox 1036 3843 1129 3956; x_wconf 68' lang='lat' dir='ltr'><em>seni</em></span> <span class='ocrx_word' id='word_1_271' title='bbox 1155 3879 1197 3928; x_wconf 89' lang='lat' dir='ltr'><em>ea</em></span> <span class='ocrx_word' id='word_1_272' title='bbox 1220 3859 1344 3930; x_wconf 87' lang='lat' dir='ltr'><em>omnia</em></span> <span class='ocrx_word' id='word_1_273' title='bbox 1375 3879 1517 3932; x_wconf 90' lang='lat' dir='ltr'><em>cnunae·</em></span> 
     </span>
     <span class='ocr_line' id='line_1_36' title="bbox 277 3953 1517 4073; baseline 0.006 -37"><span class='ocrx_word' id='word_1_274' title='bbox 277 3985 371 4036; x_wconf 82' lang='lat' dir='ltr'><em>racc.</em></span> <span class='ocrx_word' id='word_1_275' title='bbox 393 3964 397 3972; x_wconf 83' lang='grc'><strong>“</strong></span> <span class='ocrx_word' id='word_1_276' title='bbox 426 3967 565 4068; x_wconf 68' lang='lat' dir='ltr'><em>Quippe</em></span> <span class='ocrx_word' id='word_1_277' title='bbox 587 3965 629 4035; x_wconf 87' lang='lat' dir='ltr'><em>irc</em></span> <span class='ocrx_word' id='word_1_278' title='bbox 651 3953 706 4038; x_wconf 84' lang='lat' dir='ltr'><em>tte</em></span> <span class='ocrx_word' id='word_1_279' title='bbox 730 3967 958 4040; x_wconf 87' lang='lat' dir='ltr'><em>continentur</em></span> <span class='ocrx_word' id='word_1_280' title='bbox 972 3953 1241 4065; x_wconf 78' lang='lat' dir='ltr'><em>gencraliffinrc</em></span> <span class='ocrx_word' id='word_1_281' title='bbox 1265 3971 1444 4073; x_wconf 80' lang='lat' dir='ltr'><em>equitatis</em></span> <span class='ocrx_word' id='word_1_282' title='bbox 1460 3992 1517 4044; x_wconf 90' lang='lat' dir='ltr'><em>re·</em></span> 
     </span>
     <span class='ocr_line' id='line_1_37' title="bbox 117 4061 1515 4180; baseline 0.004 -34"><span class='ocrx_word' id='word_1_283' title='bbox 117 4097 130 4108; x_wconf 82' lang='grc'><em>·</em></span> <span class='ocrx_word' id='word_1_284' title='bbox 271 4069 365 4172; x_wconf 83' lang='lat' dir='ltr'><em>gule</em></span> <span class='ocrx_word' id='word_1_285' title='bbox 387 4095 460 4176; x_wconf 87' lang='lat' dir='ltr'><em>quo</em></span> <span class='ocrx_word' id='word_1_286' title='bbox 487 4075 596 4154; x_wconf 81' lang='lat' dir='ltr'><em>nauis</em></span> <span class='ocrx_word' id='word_1_287' title='bbox 618 4061 900 4178; x_wconf 74' lang='lat' dir='ltr'><em>circumstantiis</em></span> <span class='ocrx_word' id='word_1_288' title='bbox 922 4067 1045 4152; x_wconf 86' lang='lat' dir='ltr'><em>indies</em></span> <span class='ocrx_word' id='word_1_289' title='bbox 1072 4072 1322 4154; x_wconf 84' lang='lat' dir='ltr'><em>exorientibue</em></span> <span class='ocrx_word' id='word_1_290' title='bbox 1346 4073 1515 4180; x_wconf 87' lang='lat' dir='ltr'><em>applicari</em></span> 
     </span>
    </p>
   </div>
   <div class='ocr_carea' id='block_1_5' title="bbox 1374 4177 1580 4289">
    <p class='ocr_par' dir='ltr' id='par_1_7' title="bbox 1374 4177 1580 4289">
     <span class='ocr_line' id='line_1_38' title="bbox 1374 4177 1580 4289; baseline 0.024 -29"><span class='ocrx_word' id='word_1_291' title='bbox 1374 4177 1517 4289; x_wconf 80' lang='lat' dir='ltr'><em>poseant</em></span> <span class='ocrx_word' id='word_1_292' title='bbox 1576 4275 1580 4282; x_wconf 48' lang='grc'><strong>,</strong></span> 
     </span>
    </p>
   </div>
   <div class='ocr_carea' id='block_1_6' title="bbox 0 0 1714 4568">
    <p class='ocr_par' dir='ltr' id='par_1_8' title="bbox 0 0 1714 4568">
     <span class='ocr_line' id='line_1_39' title="bbox 0 0 1714 4568; baseline 0 2"><span class='ocrx_word' id='word_1_293' title='bbox 0 0 1714 4568; x_wconf 95' lang='lat' dir='ltr'><em> </em></span> 
     </span>
    </p>
   </div>
  </div>
 </body>
</html>
