3392 4572
216 191 376 309 ,354
508 173 570 274 De
599 164 835 275 virtutibus
868 162 1105 268 Moral‘bus
1148 165 1364 302 tgillatim.
1499 295 1503 320 Ι

280 364 497 474 hujusmodi
513 362 623 473 signis
640 364 765 445 utitur
776 365 890 474 quim
915 357 998 444 finis
1021 348 1153 446 natura
1180 365 1362 472 postulat,
1379 383 1450 445 aut
1473 363 1522 444 iis
1583 423 1586 430 ,

281 503 365 584 quae
387 477 452 558 vel
465 473 759 572 honoridivino‚
771 474 834 556 vel
862 473 1059 557 hominum
1071 473 1255 559 soelicirari
1268 474 1375 584 (quae
1391 494 1524 581 partes

281 587 382 668 illius
409 585 517 691 sunt)
530 582 737 682 commode
748 609 828 663 non
839 581 1127 681 inserviunt,aur
1138 583 1206 664 ubi
1217 586 1416 694 qnisquam
1432 583 1522 664 dum

283 693 388 801 signa
411 693 583 774 studiose
602 691 772 774 senatur.
792 719 872 772 rem
896 689 1012 799 ipsam
1040 692 1221 799 negligit:
1250 696 1357 776 illinc
1390 713 1519 773 autem

285 804 410 885 eidem
435 825 621 909 repugnat
637 811 803 909 Levius,
814 827 929 908 quam
943 801 1171 885 econtrariae
1183 802 1337 886 uirtutis
1355 800 1523 908 vitiique

285 905 535 1019 descriptione
545 910 657 994 sacili²
683 912 874 1016 intelliget
896 911 1026 992 lesior.
1070 909 1525 1009 Parirarionecmimi,

286 1049 331 1103 nc
353 1045 504 1104 morum
529 1018 700 1127 benignae'
712 1020 908 1128 elegantiae
927 1019 1182 1129 opponuntur
1197 1021 1299 1106 illinc
1311 1021 1529 1129 Affenmim

286 1129 351 1214 seu
379 1129 600 1211 adulatoriae
625 1129 841 1212 Gnathonis
865 1151 980 1227 artes,
1012 1130 1118 1210 illinc
1139 1133 1339 1240 Monstras.
1384 1127 1529 1212 Verum

290 1242 480 1350 quoniam
506 1239 641 1321 Sermo
667 1239 804 1321 Mentis
815 1243 1004 1346 interpres
1026 1237 1082 1318 est
1096 1245 1378 1348 precipuum&
1394 1239 1530 1320 huma·

291 1377 345 1435 no
357 1348 485 1456 generi
501 1353 691 1455 proprius,
704 1345 878 1456 ideoque
892 1349 975 1428 Lex
985 1347 1144 1432 Naturae
1155 1349 1205 1432 de
1215 1350 1398 1460 prudenti
1410 1349 1529 1430 bene-

292 1461 464 1541 volentia
480 1483 572 1563 erga
602 1456 699 1540 alios
712 1455 936 1566 opportune
952 1453 1190 1563 significanda
1204 1459 1401 1567 specialius
1416 1461 1456 1538 8(
1471 1457 1530 1542 di·

291 1566 603 1649 stinsiiirsverbis
628 1563 763 1646 nostris
794 1565 948 1647 modum
974 1564 1191 1670 praescribit,
1224 1567 1393 1678 erimque
1415 1571 1529 1652 variae

291 1679 454 1756 virtutes
466 1673 672 1781 diligenter
685 1673 902 1756 observant.
969 1675 1157 1782 Imprimis
1183 1680 1287 1760 enirn
1309 1677 1532 1786 praecipitur

293 1807 337 1867 ut
354 1779 563 1894 aliquando
584 1787 606 1868 ὲ
630 1779 802 1867 sermone
824 1781 1090 1890 abstineamus,
1113 1788 1268 1891 quoties
1294 1815 1435 1893 nempe
1468 1809 1535 1868 aut

293 1896 537 1976 Reverentia
550 1919 639 2002 erga
653 1895 802 1998 Deum,
822 1915 886 1973 aut
898 1893 993 1973 alios
1007 1881 1119 1976 nobis
1130 1889 1337 2004 superiores
1348 1893 1389 1976 id
1403 1896 1545 2004 postu-e-

295 2005 380 2100 lat3
409 2023 472 2085 aut
502 2029 549 2085 ne
560 2029 695 2084 arcana
707 2001 858 2110 imperii
872 1999 1020 2099 Civilis,
1034 2011 1334 2105 autamicorum,
1345 2029 1410 2086 aut
1422 2007 1536 2090 sarni·

293 2115 435 2212 liae,aut
449 2137 533 2222 quae
547 2140 618 2196 nos
629 2109 730 2221 ipson
741 2111 1320 2219 spesiant,revelenturinulliur
1330 2113 1538 2214 detrimen

297 2247 399 2321 turn,
424 2223 513 2304 dum
540 2221 646 2304 salvo
671 2226 865 2305 communi
884 2223 997 2305 Bono
1011 2220 1179 2305 soeliciris
1203 2225 1321 2307 celari
1351 2223 1543 2331 possent-3.

296 2329 516 2434 hujusmodi
527 2329 693 2438 Legibus
719 2327 942 2439 obsequitur
953 2340 1208 2434 Taciturnim,
1232 2359 1316 2444 quae
1342 2335 1399 2418 est
1412 2339 1535 2418 virtus

299 2441 522 2525 homiletica
537 2438 725 2523 silentium
751 2465 865 2548 agens
891 2441 1092 2524 communi,
1112 2443 1225 2527 Bono
1251 2465 1534 2553 opportunum.

297 2551 405 2632 Huic
426 2550 462 2631 in
476 2549 630 2634 excessu
642 2551 854 2660 opponitur
876 2549 1329 2659 intempestivasermonis
1348 2556 1530 2664 parcitas,

299 2685 384 2767 quae
398 2663 741 2746 communicationi
759 2659 934 2760 scientie,
947 2659 1218 2774 praeeipussrpue
1250 2665 1447 2748 societatis
1464 2666 1535 2748 hu·

299 2793 417 2848 manae
442 2764 635 2848 beneficiis
658 2769 793 2852 mirum
820 2771 865 2848 in
880 2771 1033 2852 modum
1057 2769 1186 2858 officit.
1253 2773 1413 2858 Deinde
1440 2775 1545 2858 vero.

300 2874 434 2956 eidem
447 2875 532 2982 lege
549 2873 765 2985 precipitur
787 2899 829 2957 ut
853 2878 901 2960 ad
926 2880 1073 2962 Bonum
1094 2907 1296 2968 commune
1310 2883 1538 2994 opportune

301 2986 398 3067 alios
423 2985 732 3094 alloqueremurr
761 3013 840 3070 non
863 3011 989 3073 autem
1002 2993 1170 3075 occurrit
1181 3000 1292 3080 unius
1301 2996 1458 3082 uirtutis
1471 3023 1538 3079 no·

186 3169 193 3184 ,
301 3123 390 3178 men
414 3095 521 3203 quod
545 3091 940 3181 observantiamhuie
961 3099 1057 3208 Legi
1071 3101 1324 3210 praestandam·
1341 3106 1540 3214 adaequate

303 3232 386 3288 uno
420 3207 545 3288 verbo
569 3207 783 3316 exprimatz
824 3209 986 3290 Prudens
1014 3209 1176 3294 sortasse
1211 3217 1276 3297 illu
1316 3215 1394 3300 dici
1422 3211 1542 3320 poffit·

306 3311 452 3402 eufran,
463 3318 528 3400 seu
544 3316 724 3424 loquendi
736 3314 997 3423 libertasjnsta¹
1014 3319 1243 3432 debitique,
1260 3327 1300 3413 δι
1320 3321 1484 3408 confistit
1498 3327 1540 3413 io

293 3425 420 3528 ‘animi
445 3423 806 3534 promptitudinead
823 3453 868 3507 eu
878 3427 1008 3512 omnia
1030 3429 1158 3512 verbis
1182 3433 1429 3541 exprimenda
1452 3459 1542 3545 que

304 3539 413 3620 rario—
433 3535 549 3616 dierat
568 3531 833 3620 communitati
851 3538 1097 3622 rationalium
1109 3541 1294 3624 ullatenus
1320 3542 1540 3653 prosuturu.

305 3645 436 3727 Verba
464 3663 599 3728 autem
612 3641 829 3754 dequibus
849 3645 928 3728 haec
947 3647 1013 3732 lex
1039 3649 1208 3758 praecipit
1230 3652 1294 3736 vel
1328 3652 1536 3763 respiciunt

306 3753 497 3863 praeterira
511 3781 556 3838 ac
571 3753 839 3864 praesenn'afie
862 3755 1002 3868 quibus
1024 3759 1184 3842 huncio
1208 3758 1322 3846 finem
1351 3765 1535 3870 jubet-ira

307 3863 671 3947 remenunciereuti
690 3865 753 3947 ilia
766 3869 816 3949 'se
841 3867 958 3948 habet
970 3871 1278 3978 quatenrunobis
1295 3895 1536 3984 compertum

304 3969 582 4083 est‚arquehoc
596 3973 961 4083 prestatveraecr'tas3
985 3980 1048 4062 vel
1072 3977 1272 4086 respiciunt
1282 3981 1450 4068 futura-fa
1464 4013 1537 4068 nos

303 4080 363 4164 bis
385 4083 576 4195 socienda,
597 4083 648 4172 de
675 4085 818 4196 quibus
841 4089 1012 4198 praecipit
1033 4109 1077 4172 ut
1090 4113 1139 4170 ea
1157 4086 1428 4196 promittamus
1453 4091 1535 4176 aliis

1452 4225 1558 4342 φιτχ

1657 4417 1679 4528 s
