3418 4568
567 165 632 268 De
663 159 1026 282 Naturalium,
1343 195 1371 268 '1
1382 213 1406 274 r
1434 145 1448 166 t

172 329 241 412 me
264 331 468 439 prudentes
499 333 615 418 animi
638 337 918 448 tranquillitate
954 337 1215 450 perfruantur.
1262 335 1411 426 Verbm

198 444 450 527 reteritorum
464 441 731 558 Experientia‚
743 453 785 532 &
801 449 944 532 virium
969 443 1410 536 nostrarumobservatio

170 469 287 634 brevi
313 549 451 636 efficiet
479 561 533 638 ut'
551 551 727 669 poffimus
754 557 960 669 inplerisq;
987 555 1130 642 casibus
1153 555 1334 665 judicare
1356 589 1403 648 au

167 654 341 744 nuestus
351 661 519 769 quilibet
540 664 684 750 indatis
700 665 1011 752 Circumstantiis
1024 665 1135 750 nobis
1156 665 1199 747 srt
1209 662 1407 776 possibilis,

166 796 329 866 necne3
360 771 445 878 idq3
470 771 659 885 plerumq3
671 774 747 858 stne
760 777 989 886 experiundi
1008 774 1195 858 molestia.
1223 772 1406 884 Atqthoc

165 875 355 988 equidem
368 877 483 962 utliat
494 882 588 966 ratio
600 887 783 996 postulat,
795 887 1172 996 quoniaerultitiae
1182 882 1323 968 crimen
1338 889 1407 970 vix

164 991 324 1071 evitare
335 995 496 1100 poterit,
506 996 723 1106 quimagno
737 1021 881 1080 conatu
894 993 1007 1078 finem
1020 991 1405 1108 prosequitur‚·quem
1432 1090 1435 1098 .

166 1125 252 1182 non
278 1101 390 1182 novit
422 1101 522 1184 vires
543 1099 624 1187 suas
652 1107 729 1190 un'a
753 1133 839 1190 cum
862 1107 1013 1190 auxiliis
1043 1103 1183 1190 meritb
1224 1103 1414 1216 expetis?

166 1210 219 1290 tis
230 1205 371 1313 assequi
386 1209 518 1319 pollet
540 1235 606 1298 aut
631 1216 764 1299 saltem
775 1244 873 1326 opus
884 1215 939 1300 est
950 1237 992 1298 ut
1006 1215 1119 1298 certb
1133 1211 1280 1296 constet
1294 1216 1402 1324 spem

118 1409 124 1418 ,
166 1317 409 1426 probabilem
448 1318 562 1406 finem
586 1316 692 1407 suum
728 1325 930 1410 obtinendi
970 1326 1088 1438 pluris
1124 1323 1402 1436 valere,quim

165 1423 337 1510 Effeslus
360 1428 455 1514 nllus
478 1459 595 1542 quem
627 1435 768 1518 eodem
801 1461 979 1544 tempore
1013 1459 1152 1518 conatu
1190 1429 1258 1516 suo
1293 1432 1402 1518 certb
1440 1435 1443 1442 ’

161 1533 279 1648 poffit
294 1537 521 1644 producere.
577 1543 827 1630 Ostendimus
855 1545 1018 1628 enimin
1047 1541 1293 1654 sequentibus
1308 1573 1401 1654 pro·

161 1645 369 1756 pofitiones
384 1651 564 1764 quasdam
580 1655 826 1741 immutabilis
852 1655 1021 1738 veritatis
1035 1652 1118 1738 lieri
1139 1651 1308 1764 polsede
1334 1682 1400 1736 va·

159 1763 246 1846 lore
256 1757 451 1844 bonorum
463 1763 782 1874 contingentium.

239 1867 278 1966 b.
306 1869 378 1953 IX.
436 1873 824 1973 Qrinetiamrerum
856 1873 1012 1956 Nntuta
1050 1871 1153 1981 prius
1186 1873 1225 1954 in
1261 1867 1402 1954 ordine
1477 1967 1481 1976 ¹

159 1975 340 2061 dillinslae
359 2008 384 2075 c
440 1982 597 2067 nitionis
619 1985 736 2068 docet
763 1985 848 2094 quis
873 1984 1043 2088 optimus
1080 1979 1135 2064 est
1168 1973 1334 2062 Effectus
1361 1981 1402 2061 in

159 2086 294 2173 nostra
319 2113 416 2200 pote
451 2115 527 2193 are,
554 2095 672 2204 quim
696 2096 783 2204 quis
809 2091 914 2174 Finis
926 2087 980 2170 est
1007 2091 1171 2174 summus
1190 2113 1306 2200 quem
1328 2114 1402 2195 prae

159 2198 308 2282 caeteris
334 2198 525 2312 respicere
544 2224 737 2312 oporteat.
790 2199 1037 2310 Responsum
1048 2201 1150 2286 enim
1160 2199 1210 2280 ad
1232 2201 1403 2306 priorem

159 2306 421 2409 Quaeliionem
448 2312 471 2394 ὲ
495 2315 663 2396 terminis
691 2308 861 2396 eonsrllit
886 2309 1192 2418 simplicioribus,
1216 2305 1400 2418 adeoque

99 2471 102 2478 ·
158 2418 282 2526 magis
304 2417 413 2503 eertb
440 2417 738 2532 fignificantibur.
795 2419 1035 2532 Responsum
1069 2419 1117 2501 ad
1132 2415 1398 2528 posteriorem,

161 2525 257 2608 srcut
268 2525 307 2608 id
330 2557 444 2616 omne
458 2533 666 2642 complesti
688 2531 805 2614 debet
830 2529 937 2638 quod
963 2529 1148 2636 inpriore
1164 2527 1401 2634 continetur,

163 2633 216 2716 ita
247 2637 399 2750 insuper
421 2641 582 2728 denotat
603 2665 781 2752 agentem
813 2639 1044 2724 rationalem
1077 2639 1206 2724 secum
1236 2631 1402 2718 statuisse

98 2829 103 2838 .
162 2739 355 2830 Effectum
379 2750 562 2838 illnmusn
593 2751 806 2836 mediorum
831 2749 1061 2858 producere.
1116 2747 1313 2848 Qioniam
1335 2770 1400 2828 au·

160 2875 244 2938 tem
269 2879 320 2938 ex
344 2861 510 2970 eoqubd
524 2859 690 2948 Effectus
724 2861 1001 2971 aliquammulti
1031 2858 1298 2943 incommune
1323 2855 1398 2939 Bo·

159 2993 254 3048 num
268 2964 405 3049 cessuri
429 2977 467 3055 in
487 2972 614 3056 nostra
625 2973 709 3056 sunt
721 2969 929 3082 potestate,
941 2968 1102 3078 iidemqa
1122 2965 1171 3050 ad
1191 2965 1399 3050 assecutio·
1532 3001 1543 3018 ⁸

159 3103 250 3161 uem
279 3077 311 3157 F
312 3079 505 3165 oelicitatis
527 3081 663 3170 nostrae
689 3081 711 3166 fa
743 3080 943 3166 voluntate
978 3079 1115 3160 Primae
1152 3073 1283 3158 Causae
1307 3073 1399 3158 sadi

160 3187 246 3270 sunt
287 3189 510 3293 necessarii,
544 3194 672 3278 oritur
715 3211 797 3274 tum
827 3187 1017 3298 obligatio
1055 3185 1103 3270 ad
1146 3183 1400 3272 intentionem

160 3323 229 3380 eoa
242 3300 501 3410 producendi,
526 3299 923 3412 rum&·ipsaadlualis
945 3299 1009 3382 illa
1032 3297 1199 3380 intentio
1215 3293 1400 3408 quando·

29 3433 35 3440 ·
159 3409 330 3519 ¹cunqtin
357 3413 591 3498 Hominibus
612 3418 827 3526 repetitura
854 3405 1007 3494 necesse
1031 3404 1089 3494 ett
1105 3409 1201 3501 utin
1221 3401 1401 3490 observa·

162 3515 210 3600 tis
234 3521 523 3608 evidentissimis
558 3523 609 3608 de
646 3523 791 3608 viribus
825 3517 1013 3628 humanis,
1038 3545 1203 3628 quarum
1238 3513 1306 3596 usu
1333 3511 1400 3600 de*

160 3634 368 3720 terminato
386 3635 423 3720 se
448 3637 615 3720 invicem
632 3633 749 3717 beare
776 3627 1063 3738 portunianus
1080 3621 1286 3708 certiffime
1310 3621 1401 3708 bea·

161 3738 278 3840 bunt,
300 3741 562 3832 Fundamenta
589 3745 737 3854 Legum
760 3741 1003 3824 Naturalium
1030 3735 1220 3839 jaciamus.
1254 3733 1401 3818 Harum

163 3877 292 3938 autem
313 3851 467 3958 summa,
491 3847 853 3964 [Benevolentiaq]
889 3869 955 3928 aut
978 3845 1136 3952 [Amor
1150 3841 1402 3946 universalis]

164 3963 314 4050 dieitur.
379 3965 601 4052 observavi
630 3965 766 4074 itaque
789 3957 1086 4043 Mathematicus
1108 3953 1159 4038 de
1184 3951 1261 4036 fine
1284 3975 1401 4056 quem

165 4075 421 4163 Dosirinaab'
438 4077 505 4162 illis
519 4074 658 4163 tradita
690 4065 856 4262 rep'piqit,
870 4071 912 4156 in
925 4067 1125 4182 principiis
1147 4049 1401 4248 Scieqqipdgqq
