3392 4572
269 193 369 336 396
411 293 418 300 ,
653 207 660 218 ’
795 176 1072 319 Consedlatia.

267 369 444 456 meruere
471 359 707 482 propulsent,
717 356 863 444 Bellum
873 383 1011 467 gerere
1032 355 1225 466 illicitum,
1238 357 1410 468 vereque
1425 385 1514 470 per·

267 481 477 566 duellionis
502 501 594 562 reos
608 469 712 563 effer
737 469 920 584 adeoque
930 469 1022 553 hinc
1045 467 1150 552 aliud
1161 495 1227 551 eos
1254 471 1398 561 crimen
1419 497 1515 556 con·

266 591 459 701 jurationi
486 585 685 693 adjicere3
708 608 928 710 quanquam
949 576 1020 662 sub
1029 579 1169 664 eodem
1185 578 1320 688 aliquo
1344 585 1519 688 generali

269 708 426 788 nomine
451 723 664 806 utrumque
687 719 831 777 crimen
856 692 999 800 pariter
1014 689 1140 790 cadat,
1164 712 1372 799 utrumque
1390 689 1435 774 fit
1457 693 1517 774 vi·

269 813 393 899 olatio
419 807 511 893 fidei
535 806 646 904 darre,
670 801 874 890 esttamen
897 827 1043 885 novum
1065 799 1221 898 crimen,
1246 797 1389 886 hocell
1412 803 1516 888 aliud

269 922 389 1034 priori
414 919 551 1006 recem
564 915 753 1016 additum,
764 910 950 1023 omnique
962 915 1045 1000 artu
1065 937 1148 1018 quo
1170 907 1314 996 bellurn
1326 911 1403 996 hoc
1426 941 1520 1023 pro·

150 1069 153 1076 Δ
270 1033 483 1144 sequnntur
511 1025 728 1109 scelerasua
751 1025 962 1108 cumulant.
1021 1021 1083 1105 Ad
1108 1018 1336 1106 seditionem
1359 1025 1515 1110 cuim&

269 1139 415 1226 bellum
427 1135 557 1222 Civile
579 1135 687 1218 ducit
704 1159 900 1218 armorum
912 1133 1079 1240 sumptio
1089 1152 1223 1214 contra
1238 1132 1429 1216 Summam
1441 1136 1520 1218 Po·

271 1251 452 1338 testatem
473 1244 684 1356 flagitiosos
708 1243 757 1325 ad
782 1247 960 1324 meritum
975 1243 1199 1352 supplicium
1210 1241 1365 1326 trahere
1376 1273 1521 1330 conan-

272 1387 367 1448 tem.
423 1359 513 1442 Nec
536 1356 564 1440 fi
586 1355 662 1438 hoc
680 1345 899 1464 permillum
913 1349 972 1460 fit,
994 1355 1120 1434 vetari
1132 1350 1285 1461 poliunt
1301 1355 1423 1462 ipsum
1437 1357 1519 1440 lle·

273 1499 366 1584 gem
397 1495 528 1554 manus
557 1463 673 1548 nllcui
696 1489 832 1548 eorum
859 1463 1100 1568 injicientem
1127 1459 1374 1566 interficeres
1411 1466 1520 1577 quod

274 1582 394 1696 qulm
418 1576 676 1686 perniciosum
688 1574 748 1683 lut,
761 1575 923 1656 aliorum
945 1570 1097 1678 judicio
1109 1573 1302 1682 relinquo.

334 1691 372 1788 l.
402 1687 514 1772 xlv.
530 1709 569 1789 3.
598 1685 797 1768 Nonnulla
809 1684 927 1766 ctiam
939 1707 1024 1794 quar
1035 1681 1085 1765 de
1099 1681 1267 1794 legibue
1276 1683 1432 1768 Naturae
1445 1707 1527 1772 tra·

275 1796 371 1883 didit
387 1797 495 1882 omni
505 1795 677 1904 lmperio
689 1793 813 1876 Civili
825 1794 972 1875 ruinam
984 1793 1233 1890 minimorum
1261 1793 1524 1904 eapraesertim

278 1935 365 2020 quae
392 1908 442 1992 de
495 1908 687 2003 auorum,
711 1903 764 1986 de
787 1905 1088 2009 juramentorum
1101 1902 1342 2012 obligatione
1353 1906 1523 1992 tradidit.

277 1935 551 2104 Periculollrm
565 2014 621 2098 est
645 2011 887 2096 Civitatibus
909 2011 1017 2123 qudd
1046 2013 1153 2122 pacta
1175 2013 1363 2121 (quorum
1386 2019 1427 2100 vi
1445 2018 1529 2102 sold

185 2229 188 2236 Ι
277 2129 361 2212 illas
384 2125 564 2212 constitui
592 2128 634 2208 δι
656 2117 876 2208 conservari
896 2119 1050 2227 docuit)
1074 2151 1154 2205 non
1172 2123 1351 2234 obligare
1377 2124 1526 2228 asserir,

277 2237 347 2320 nifi
364 2237 452 2322 clun
467 2235 562 2320 fides
575 2233 737 2317 habetur
748 2235 1008 2342 promittenti,
1061 2232 1151 2317 Hoc
1172 2253 1304 2318 autem
1322 2235 1528 2322 indnuntur

279 2354 321 2433 in
345 2347 425 2458 ipsa
453 2347 552 2456 paui
587 2341 814 2428 definitione
844 2345 895 2426 ab
923 2369 976 2425 eo
1001 2343 1104 2445 dati,
1127 2343 1175 2426 de
1197 2351 1281 2428 eiu.
1304 2379 1337 2430 c.
1363 2371 1401 2431 a.
1426 2349 1522 2455 §.m

310 2485 399 2542 uam
421 2457 607 2568 explicat,
629 2452 788 2563 ejusque
812 2452 921 2536 usum
941 2454 1057 2538 docet
1089 2483 1120 2536 c.
1134 2451 1174 2537 8.
1202 2455 1238 2551 l.
1258 2481 1299 2559 3,
1322 2461 1365 2541 8<
1379 2485 1435 2566 9.·
1453 2461 1524 2542 ubi

281 2489 541 2656 desertorum
554 2565 797 2672 obligatione
810 2562 995 2676 loquitur.
1052 2569 1082 2612 ‘⁶
1096 2563 1527 2674 Obligario(scrvon1m

283 2683 312 2726 ‘⁶
326 2676 490 2785 scilicet)
515 2707 565 2760 ex
587 2679 702 2786 padio
725 2673 875 2763 oriturt
904 2676 1053 2783 pastum
1067 2698 1197 2758 autem
1217 2673 1285 2758 oifi
1306 2677 1383 2762 lide
1397 2677 1529 2762 habitl

283 2789 472 2871 “nullum
497 2787 566 2886 est,
585 2807 631 2866 ut
656 2806 764 2892 patet
787 2784 863 2866 dc.
881 2806 918 2865 2.
951 2787 988 2881 l.
1008 2809 1047 2892 9.
1077 2785 1146 2868 ubi
1174 2782 1355 2870 definitur
1373 2789 1530 2874 Pactum

155 2931 165 2952 ·
284 2902 315 2948 “
326 2894 402 2980 elle
419 2895 644 3007 promilsum
657 2899 738 3000 ejus
763 2898 828 2977 cui
853 2892 1033 2978 creditur.
1091 2895 1192 2980 Cum
1215 2894 1410 2983 beneficio
1436 2927 1530 3012 ergo

189 3045 193 3050 ·
285 3003 417 3092 “vltae
444 3003 883 3114 condonataeconluncla
906 3004 962 3088 est
988 3001 1128 3090 fiducia
1150 3008 1229 3116 qud
1249 3008 1530 3096 dominuseum

287 3124 315 3166 ‘⁶
325 3117 364 3202 in
379 3115 765 3244 libertatecorporali
779 3115 972 3225 relinquit,
996 3121 1054 3200 ita
1080 3139 1123 3200 ut
1143 3115 1210 3199 uifi
1238 3120 1533 3207 interveuiffcnt

285 3233 318 3278 “
328 3227 521 3337 obligatio
551 3230 595 3310 8(
616 3228 768 3310 vincula
824 3225 959 3308 rustica
983 3253 1061 3310 non
1086 3227 1205 3312 modu
1232 3227 1433 3338 aufugere,
1461 3231 1530 3316 sed

283 3341 317 3386 ‘⁶
331 3337 452 3422 etlam·
471 3337 685 3424 Dominum
708 3255 1024 3420 condervatorern
1050 3339 1139 3420 vitae
1150 3343 1235 3445 ejus
1257 3345 1338 3422 viti
1364 3341 1532 3447 spoliare

287 3453 319 3500 “
342 3443 469 3560 polilt.
526 3447 596 3528 rus
628 3446 734 3556 paria
761 3445 955 3554 subjungit
980 3447 1149 3533 ludione
1187 3449 1353 3554 ejusdcm
1389 3451 1535 3560 capitit

289 3581 330 3663 9.
367 3557 437 3642 ubi
459 3559 655 3668 explicans
683 3555 820 3687 puibur
845 3555 970 3638 modis
981 3553 1078 3714 lerpci
1101 3559 1124 3642 ὲ
1150 3556 1532 3690 Γειιίιιιιειῑιιίὶὴε·

287 3687 373 3856 2²1⁰:
377 3664 668 3880 {tillium
680 3663 1530 3892 lll530²llllnlilllllllllll:

290 3885 320 3935 “
335 3885 608 3992 turpiterlilld
619 3888 857 3996 obligatione
877 3889 1043 3994 pradicl
1058 3887 1223 3972 liberari.
1279 3891 1530 3977 “Nouerrim

250 4035 255 4046 ·
290 3992 504 4105 “(inquit)
526 3999 813 4106 eristitpauum
834 3995 900 4078 nisi
924 3997 988 4079 ubi
1017 4001 1223 4105 paciscenti
1249 3999 1433 4104 creditur,
1462 4031 1532 4090 nec

291 4101 468 4208 ffvlolari
492 4107 620 4218 porcll
649 4105 742 4192 fider
770 4131 853 4224 quae
878 4131 958 4194 non
988 4107 1032 4198 su
1060 4107 1203 4200 habita.
1259 4111 1387 4196 lmmd
1412 4113 1534 4243 docet

396 4273 403 4287 ·
460 4260 464 4270 ·
1228 4283 1239 4300 .
1356 4225 1532 4332 apertrlus
