3410 4574
95 93 98 100 Ι
205 247 210 259 .
298 161 396 260 2180
653 142 720 243 De
747 140 1052 242 vibraminibus
1055 146 1273 275 praliicit.

301 312 1072 425 &debetDiseipl'rnamm’alirsstcivilis.
1116 309 1536 422 (ouraniumsrarun

301 429 485 540 Regulas,
498 430 700 533 totamque
723 423 930 531 disciplina
945 417 1013 504 suae
1030 419 1277 514 substantiam¹
1291 449 1361 532 ptr
1383 424 1534 522 unirer·¹

299 537 802 648 saliaaliquottheoremata
826 532 1027 616 tradendo.
1064 532 1145 616 Ubi
1157 529 1436 618 observandum
1448 563 1535 620 cen·

300 643 365 732 sen
376 649 457 752 ejus
468 644 738 729 certitudinem
753 671 833 726 uon
844 640 963 748 magia
974 639 1273 742 labefafilarimut
1287 640 1391 726 usum
1405 645 1534 746 minui,

299 757 351 842 εὸ
366 755 473 869 quud
486 758 526 836 in
539 753 828 864 operationibus
841 755 1010 835 externis
1027 753 1131 832 circa
1148 751 1341 834 materiam
1353 753 1534 862 multipli.

299 870 337 950 ci
353 861 717 950 circumstantiarum
731 863 917 946 varietate
928 862 1140 944 intricatam
1153 890 1222 946 nos
1233 859 1397 969 praellae
1407 861 1534 948 deter-

297 973 524 1063 minationes
537 997 615 1058 non
628 973 819 1084 polluntur
830 971 975 1082 alsequi
988 999 1002 1066 3
1013 971 1129 1080 quam
1140 973 1414 1083 principiorum
1431 974 1534 1056 Gen·

298 1089 666 1182 metricorum,circa
677 1083 811 1180 lineas,
826 1077 1056 1189 superficies,
1070 1103 1135 1164 aut
1146 1080 1262 1166 solida
1273 1077 1533 1193 mensuranda,

298 1192 645 1279 veritasuutiliras
659 1195 869 1298 evertitur,
881 1215 930 1271 ex
943 1221 994 1274 eo
1009 1187 1116 1300 quud
1130 1221 1201 1274 nee
1213 1187 1381 1274 lensuum
1394 1219 1468 1276 nec
1483 1193 1535 1278 in·

298 1302 593 1389 strumentorum
615 1331 693 1412 ope
706 1299 856 1408 efficere
870 1299 1064 1407 pollumua
1089 1302 1204 1382 ullam
1218 1323 1328 1382 extra
1348 1329 1418 1384 nos
1440 1304 1533 1386 line·

295 1439 359 1496 am
373 1415 504 1497 exatle
516 1413 668 1512 tellam,
684 1435 764 1496 ¹aut
787 1406 1026 1520 superficiem
1042 1410 1209 1517 perferte
1227 1413 1393 1523 planam,
1416 1413 1534 1521 sphe-

296 1527 495 1612 ricamver
521 1543 588 1605 aut
613 1551 752 1631 corpus
787 1518 1013 1604 omnimodi
1046 1518 1240 1630 regulare,
1265 1541 1332 1602 aut
1370 1520 1423 1603 ad
1448 1521 1532 1606 talia

295 1632 520 1716 reducibile.
576 1629 720 1714 Sufficit
742 1628 851 1742 quud
873 1629 920 1712 ad
945 1629 1089 1715 virtitute
1110 1630 1211 1712 aderl
1232 1631 1355 1742 prope
1377 1633 1532 1717 acceda-

295 1767 392 1843 mur,
403 1762 446 1824 ut
461 1739 555 1824 nihil
569 1739 677 1850 quod
690 1737 854 1822 ulliuslit
867 1744 1053 1824 momenti
1066 1737 1114 1820 ad
1127 1739 1211 1824 usus
1226 1741 1409 1824 humanos
1420 1747 1533 1842 omit·

295 1873 410 1935 tatur.
466 1851 510 1934 ld
533 1872 660 1933 autem
686 1849 803 1934 etiam
814 1849 856 1930 vi
882 1849 1160 1957 principiorum
1185 1851 1366 1936 doetrinae
1383 1853 1533 1938 moralis

295 1960 447 2072 alstqui
470 1958 613 2045 licebit.
644 1961 823 2045 Fatemur
837 1959 993 2042 interim
1003 1958 1041 2041 in
1053 1965 1214 2042 materia
1225 1961 1437 2071 prudentiae
1452 1989 1532 2046 rno-

294 2069 382 2154 ralit
401 2099 461 2170 ea,
482 2097 566 2182 quae
595 2069 750 2176 dantur,
773 2068 893 2152 leuut
918 2070 1071 2178 cognita
1097 2069 1311 2172 sumuntur,
1338 2099 1423 2181 quae
1450 2072 1531 2156 sunt

214 2257 219 2269 ,
296 2181 423 2282 Deus,
449 2188 490 2264 &
507 2182 694 2280 homines,
719 2179 1059 2289 eorumqueathrs,
1081 2185 1122 2266 8<
1149 2179 1357 2264 relationes
1379 2203 1530 2282 mutuae,

291 2313 373 2372 non
395 2287 496 2372 atiel>
517 2291 695 2372 accurare
722 2310 815 2372 nota
843 2284 938 2385 elle,·
957 2315 1002 2370 ac
1020 2315 1065 2370 ea
1079 2315 1163 2396 quae
1178 2291 1220 2373 in
1233 2311 1339 2386 certa
1360 2291 1531 2374 mensura

159 2461 164 2474 .
293 2397 356 2480 seu
372 2401 587 2508 quantitate
612 2396 753 2480 dantur
768 2399 810 2480 in
832 2395 1021 2486 Mathesrr
1048 2396 1221 2508 idetique
1233 2427 1315 2508 quae
1334 2403 1531 2486 exiiseol·
1593 2428 1597 2437 ’
1687 2449 1688 2502 ;

293 2509 464 2617 liguntut
485 2507 624 2590 eodem
655 2506 807 2591 defellu
835 2508 976 2597 itrtltlar
997 2505 1187 2590 laborare.
1241 2509 1454 2606 Methodur
1476 2532 1531 2594 ta·
1687 2521 1688 2534 ¹

290 2643 381 2700 men
395 2681 410 2726 ,
438 2618 577 2726 regular
604 2621 966 2727 operationum‚·&
982 2697 987 2705 ,
1003 2622 1108 2714 ratio
1135 2617 1350 2703 deducendi
1382 2621 1458 2704 alia
1482 2645 1529 2704 er

210 2739 214 2824 j
259 2675 374 2810 xliia
401 2728 536 2808 eadem
551 2723 633 2806 est:
660 2755 731 2810 nec
753 2755 852 2838 opus
866 2725 928 2808 'est
940 2727 1074 2814 ingrana
1096 2727 1144 2810 ad
1157 2729 1242 2809 usus
1252 2729 1368 2825 vitae3
1397 2759 1530 2842 quema

290 2832 502 3026 adrpolrlpm
527 2861 571 2914 ea
587 2861 664 2917 non
684 2835 948 2946 requiritur’m
969 2843 1080 2944 praxi
1095 2835 1328 2924 mensurandi
1354 2842 1529 2948 planities

291 2971 337 3028 ac
372 2970 427 3028 οι
457 2972 515 3028 a„
1410 3013 1414 3021 .

346 3051 419 3162 (a)
447 3051 640 3138 Methodo
661 3053 866 3165 incipiente
888 3059 911 3143 t
933 3048 1100 3142 maxime
1114 3057 1336 3170 compofitis
1359 3063 1401 3146 8<
1417 3067 1530 3149 invo-

291 3161 392 3265 lutis,
421 3162 489 3248 ubi
500 3167 600 3251 uota
610 3191 695 3246 curn
706 3167 848 3273 ignotis
858 3166 1116 3253 immiscentur
1129 3169 1167 3252 in
1192 3172 1408 3280 aquatione
1427 3173 1532 3282 data,
1566 3227 1568 3234 ›

290 3275 447 3357 tandem
468 3274 676 3385 diligenter
690 3276 791 3358 inter
808 3277 847 3361 se
870 3305 929 3360 res
949 3280 1225 3384 comparando,
1250 3277 1532 3391 srmplertquid·

290 3383 384 3466 elam·
401 3387 546 3491 reperit
567 3411 616 3465 ex
629 3411 711 3493 quo
732 3383 941 3496 compofita
961 3385 1139 3471 constitui
1155 3389 1317 3496 pnlsent,
1334 3395 1376 3474 8(
1396 3397 1532 3516 ignora

289 3521 363 3599 per·
383 3493 690 3604 notaexplicari.
749 3499 812 3578 Sic
832 3497 948 3578 eriam
964 3497 1123 3580 Moralis
1139 3495 1386 3606 Philosophia
1398 3499 1532 3611 impri·
1662 3597 1665 3611 ¹

289 3602 657 3707 aiaconnmptatur
673 3599 789 3688 finem
805 3605 919 3689 valde
946 3606 1179 3710 involutum,
1201 3609 1406 3720 media‘que
1420 3613 1529 3696 varie

290 3713 495 3820 perplexa.
532 3713 631 3798 Finit
646 3712 815 3798 enimest·
827 3715 1150 3824 Aggregatumex
1165 3719 1344 3804 onlnlbus
1366 3719 1478 3804 bonis
1490 3727 1530 3808 in

288 3818 415 3912 nostra
437 3821 633 3928 potestate
643 3822 732 3926 fitis,
753 3854 838 3934 quae
852 3827 1030 3932 Regnum
1054 3829 1153 3936 Dei,
1176 3829 1362 3913 Mundum
1374 3833 1531 3916 Intelle-

288 3929 721 4044 &nalem-srngnllsque
734 3937 818 4042 ejus
839 3958 966 4042 partes
981 3961 1167 4020 exornare
1184 3933 1357 4045 poliunt.
1398 3943 1529 4026 Media

288 4037 431 4152 quibus
443 4041 670 4131 obtinendus
690 4045 760 4145 cll,
785 4045 869 4132 sunt
880 4073 1012 4134 ornnes
1025 4042 1137 4134 liberi
1160 4049 1271 4136 aliur
1286 4049 1399 4138 nabis
1424 4052 1528 4178 cirea

285 4199 292 4212 ·
1396 4187 1529 4244 omma
