3400 4566
31 1929 43 1962 ⁸
179 1951 181 1957 '
289 1935 465 2020 turalrter
489 1951 736 2121 appetimus(f
752 1923 962 2011 necessarib
996 1926 1068 2009 fint
1091 1929 1330 2033 conjuncta,
1351 1925 1527 2120 asltisgue

724 2069 746 2122 e

288 131 386 238 24³0
502 89 715 230 sie-Lege
735 76 1106 220 Natataflejtlsqae
1120 71 1392 219 obligatione.

280 279 453 395 specialia
483 278 576 381 esse,
601 275 783 385 adebqne
807 271 847 354 ln
879 267 1047 379 generali
1074 263 1323 378 obligationis
1347 275 1525 378 notione,

282 423 397 508 quam
420 397 636 502 quaerimus,
657 383 870 472 omittenda
883 379 970 463 elle.
1014 385 1108 482 Qtae
1132 403 1261 464 autem
1287 383 1333 464 iis
1366 390 1523 491 permit·

281 530 425 590 tuntur·
443 501 638 613 generalia
663 498 824 608 quidem
849 489 947 604 else,
974 486 1290 576 scdobscuritate
1314 495 1477 602 quidam
1502 497 1525 578 b

283 617 520 724 metaphoris
543 609 702 694 oriundt
725 607 921 691 laborare.
965 599 1138 682 Vinculis
1160 606 1264 686 enim
1277 604 1436 713 proprie
1447 631 1526 690 non

284 725 505 834 astringitur
521 719 663 804 animus
684 719 884 802 humanus.
926 710 1038 795 Nihil
1063 709 1242 823 estquod
1271 714 1526 800 neceffitatem

285 839 498 952 quicquam
527 828 697 916 faciendi
720 849 784 912 aut
803 821 1008 908 omittendi
1032 823 1150 906 menti
1172 825 1406 909 humanaede
1425 823 1524 912 sutu-

285 977 332 1032 ro
344 941 572 1030 deliberanti
593 937 731 1026 afferre
753 931 897 1050 potest,
912 951 1056 1043 -praeter
1076 936 1339 1042 cogitationes
1361 935 1423 1019 seu
1437 965 1526 1046 pro·

286 1054 499 1168 positiones
524 1051 748 1134 exhibentes
768 1045 906 1132 indicia
919 1043 1013 1129 boni
1024 1066 1089 1128 ant
1110 1046 1217 1154 mali,
1235 1045 1320 1128 aliis
1340 1069 1405 1128 aut
1417 1048 1525 1130 nobis

268 1195 337 1250 xetr
359 1167 401 1250 iis
415 1192 498 1275 quae
513 1159 697 1246 satiemus
719 1157 963 1269 proventuri.
995 1154 1201 1254 Qtoniam
1221 1178 1352 1240 autent
1367 1159 1523 1242 naturali

245 1267 682 1388 ‚guldamnccelsttate
697 1269 861 1354 adbona
875 1261 1241 1377 praevisapraesettim
1256 1266 1523 1378 maximaque

288 1386 425 1492 tenda,
446 1385 495 1466 ad
514 1383 747 1486 malaautem
759 1373 943 1488 fugienda
959 1372 1273 1475 determinentur,
1291 1377 1380 1460 hinc
1391 1378 1522 1462 dictata

268 1498 353 1578 ¹illa
374 1494 554 1585 Rationis
567 1519 648 1601 quae
664 1490 805 1574 saciunt
826 1510 872 1570 ut
892 1484 970 1570 haec
992 1513 1041 1567 ex
1064 1485 1207 1568 actibus
1217 1487 1448 1597 quibusdam
1461 1517 1524 1572 no

287 1603 369 1688 stris
393 1621 629 1710 proventura
643 1598 721 1684 esse
742 1597 951 1697 videamus,
981 1593 1238 1680 necessitatem
1260 1599 1523 1710 quandameot
1573 1689 1579 1702 ,
1677 1617 1678 1624 ‘

287 1710 553 1797 exerenditvel
574 1705 778 1794 cohibendi
794 1705 905 1790 nobis
918 1703 1059 1788 inserte
1078 1705 1276 1816 dicuntur,
1297 1709 1339 1790 8<
1351 1709 1528 1793 nosobli·

288 1847 405 1948 gare}
434 1824 585 1932 quippe
610 1820 720 1948 ‘bona
745 1815 808 1899 illa
834 1840 920 1900 oum
941 1814 1144 1900 soelicitate
1165 1817 1296 1902 nostra
1313 1843 1429 1928 quarn
1465 1847 1527 1903 na·

266 2044 409 2129 ¹nostri
431 2042 479 2124 ad
505 2043 692 2125 illoruma
747 2041 944 2124 cntionem
968 2034 1081 2142 plane
1107 2034 1178 2120 fint
1199 2039 1405 2125 necessarii.
1476 2067 1528 2149 go

288 2156 422 2264 itaque
438 2151 718 2260 obligationem
733 2150 922 2230 Moralem
942 2145 1273 2232 ficuniversaliter
1289 2177 1364 2234 nec
1387 2151 1528 2234 incom-

290 2258 571 2349 monedefinni
594 2257 702 2372 posse
715 2257 911 2348 arbitror:
943 2254 1144 2365 Obligatio
1166 2257 1222 2340 est
1247 2261 1349 2345 aaut
1365 2258 1527 2370 Legilla·

289 2375 383 2460 toris
424 2399 479 2456 uo
501 2371 669 2456 actiones
693 2367 789 2477 Legi
806 2365 881 2452 su'ae
895 2363 1111 2450 consorores
1123 2366 1325 2479 eioqnibus
1336 2370 1399 2452 lex
1410 2372 1527 2456 sertus

291 2401 519 2568 necellarias
543 2480 620 2566 effe
633 2481 791 2563 indicat.
836 2477 949 2564 Aetio
961 2499 1090 2559 autem
1108 2479 1237 2587 agenti
1249 2479 1426 2564 rationali
1449 2505 1527 2566 turn

291 2591 499 2678 necessaria
514 2589 591 2674 else
616 2587 859 2697 intelligitur,
887 2586 972 2674 clam
994 2611 1146 2671 certum
1163 2587 1218 2672 est
1240 2615 1325 2671 eam
1346 2591 1530 2676 contineri

167 2745 170 2751 ν
292 2705 334 2785 ἱιι
371 2701 487 2783 caufis
512 2699 723 2783 necessarib
748 2697 930 2808 requisitis
952 2699 1001 2780 ad
1027 2696 1267 2784 foelicitatem
1296 2699 1398 2784 illam
1421 2729 1527 2813 qnam

291 2811 518 2894 naturaliter
538 2807 720 2917 ade6que
742 2808 953 2892 necessario
976 2811 1137 2918 expetit.
1179 2811 1241 2892 sic
1261 2811 1475 2922 obligamur
1487 2813 1531 2896 ad

292 2921 394 3006 Boni
420 2915 642 3002 Communis
667 2913 974 3027 prosecutionem
1001 2921 1159 3030 qnando
1184 2920 1373 3018 indicatur
1392 2928 1534 3008 menti·

203 3074 210 3083 κ·
273 3031 367 3116 'bus
390 3027 525 3113 nostris
550 3029 737 3112 eNatnra
768 3055 893 3118 terum
914 3028 936 3136 (
948 3028 1155 3114 Causarum
1177 3031 1377 3142 prasertim
1399 3035 1535 3118 Ratio·

269 3143 465 3250 ··nalium)
481 3137 615 3226 nostrae
639 3139 898 3228 observationi
912 3137 1082 3248 expositi
1103 3142 1205 3224 hunc
1223 3143 1346 3226 actum
1358 3143 1432 3226 else
1444 3171 1536 3226 cau·

275 3254 370 3355 ,sarm
396 3249 607 3360 necessario¹
621 3248 837 3362 requisitam
849 3249 897 3331 ad
913 3247 1222 3336 constitutionem
1243 3257 1445 3363 completa
1468 3283 1537 3341 no·

197 3403 198 3406 ¹
295 3362 377 3444 strae
392 3361 622 3468 solicitatis,
638 3363 798 3486 easmqne
817 3357 916 3443 adeb
928 3364 1163 3445 naturaliter
1176 3361 1346 3473 pendere
1363 3367 1393 3450 a.
1409 3365 1538 3451 studio

274 3469 398 3553 -Boni
421 3468 644 3552 Communis
658 3497 829 3554 omnium
857 3469 1132 3575 Rationalium,
1157 3497 1204 3574 ut
1219 3471 1350 3555 sanitas
1373 3477 1538 3560 membri
1676 3505 1678 3552 t

274 3630 280 3638 ·
297 3579 443 3687 pendet
457 3581 478 3663 ὲ
491 3579 648 3662 sanitate
664 3581 805 3662 aevita
817 3586 939 3665 totius
956 3585 1127 3690 corporis
1148 3582 1315 3682 animati,
1329 3607 1397 3669 aut
1407 3609 1450 3669 ut
1463 3585 1539 3671 effi·

298 3713 371 3771 cax
393 3689 471 3771 ell'e
495 3698 629 3800 nequit
649 3689 896 3774 conservatio
925 3691 1063 3774 virium
1084 3693 1121 3778 in
1143 3693 1313 3784 manibus
1332 3695 1540 3781 nostris-in·

301 3799 547 3897 fitarum,nili
561 3801 664 3914 prior
679 3801 868 3885 habeatnr
891 3803 992 3889 tatio
1013 3803 1263 3888 conservandi
1286 3807 1541 3895 vitamvirs‘s·

301 3935 380 4020 que
395 3931 464 4016 per
488 3929 767 4020 totumcorpus
790 3912 959 3997 nostrum
985 3905 1149 3997 diffusas.
1209 3919 1540 4030 Quippepropria

301 4017 487 4130 cujusque
510 4021 687 4113 soelicitas
704 4049 784 4108 non
806 4019 929 4112 minin
949 4025 1175 4112 naturaliter
1200 4027 1465 4134 dependet-ab
1483 4030 1556 4114 ina·

1436 4135 1540 4226 fluxu
