3400 4566
327 95 391 242 lle
405 88 516 229 Lege
531 88 717 196 Nature
734 90 901 232 ejlsque
915 95 1183 238 obligatione.
1330 131 1421 259 315

182 280 287 370 dicit.
326 276 484 389 Quippe
509 275 656 362 soedera
677 275 796 360 indies
816 282 909 364 iniri
930 280 1119 386 videmus,
1142 311 1306 398 quorum
1327 267 1426 400 prae·

186 393 301 482 statio
315 389 452 475 futuro
470 387 625 472 taudem
638 389 882 496 temporeab
901 411 1070 502 utraque
1089 419 1206 504 parte
1218 403 1423 510 expellan-

18 565 19 576 t
185 506 232 590 dn
256 499 327 601 est,
354 520 473 610 atque
484 496 584 581 adeo
604 491 690 580 lunt
711 493 818 606 paffl
840 504 923 614 qu‘ae
943 501 1012 586 ille
1035 501 1137 589 dixit
1159 531 1299 593 mutuae
1320 499 1423 594 fidei·

18 629 44 720 s
185 613 413 718 Quinetiam
438 609 592 800 Ligari,
613 609 866 718 Memnones,
891 609 1039 724 aliique
1068 618 1356 730 peregrinantes
1381 621 1422 703 iu

182 743 470 831 regnaextera,
498 715 661 800 atissunt
670 716 826 818 tuti,etfi
837 745 886 802 ex
901 721 973 805 hac
984 722 1171 809 sententia
1184 727 1267 812 sunt
1281 725 1423 830 hostes,

181 856 233 920 ut
252 826 374 942 quiin
392 825 619 940 potestatem
642 849 867 914 exterorum
881 831 960 936 jam
985 831 1214 919 devenerint
1225 821 1246 934 ζ
1270 835 1422 922 Hobbi-

182 970 257 1028 ana
282 939 382 1024 enim
407 940 506 1022 ratio
519 935 653 1020 docuit
679 958 833 1021 exteros
857 961 993 1052 utpote
1002 945 1196 1054 sirtiores,
1223 944 1422 1056 hos'infir·

182 1063 316 1140 naiores
337 1047 390 1132 ad
402 1045 858 1162 prestandamcautianem
870 1053 1009 1161 futura
1028 1052 1253 1157 ohedientia,
1272 1050 1337 1160 (nl
1357 1073 1421 1138 ve·-

179 1167 254 1250 lr'nl
267 1167 390 1269 potius
401 1155 516 1264 mori>
526 1171 616 1267 jure
630 1188 750 1266 cogere
763 1156 873 1269 peste,
892 1157 943 1248 ὠ
955 1159 1254 1272 nihilabficrdlns
1266 1173 1420 1272 cogitari

173 1271 286 1382 poffe,
307 1265 416 1379 qulam
432 1287 588 1378 atquem
611 1268 765 1350 debilem
778 1280 819 1352 in
827 1267 998 1386 potestate
1017 1290 1132 1380 tenes,
1156 1303 1235 1356 eum
1248 1283 1418 1358 amitten·

181 1385 245 1484 do,
256 1384 393 1490 sutem
405 1379 518 1488 fimul
536 1371 588 1461 ὠ
604 1375 882 1489 hostemfacias.
898 1396 980 1488 Cap.
999 1405 1035 1459 1.
1055 1384 1096 1480 n,
1112 1387 1174 1486 14.
1206 1383 1339 1467 Verba
1351 1415 1419 1468 au.
1555 1423 1557 1428 -

180 1515 257 1573 tem
271 1487 334 1570 illa
346 1487 564 1570 cautionem
579 1484 715 1569 futurae
726 1485 954 1598 obedieutiae
967 1488 1240 1592 satisinnuunt‚
1258 1491 1417 1622 idquod

208 1597 312 1682 ottea
343 1595 519 1708 pluribus
546 1597 740 1704 exprimit.
794 1593 953 1697 Nullam
977 1602 1195 1688 cautionem
1218 1601 1273 1682 illi
1293 1602 1416 1686 vrderi

178 1632 417 1820 litfficientem
436 1723 570 1813 praeter
581 1706 762 1788 unionem
785 1705 860 1815 qul
880 1705 919 1790 in
932 1707 1090 1792 candem
1104 1709 1318 1795 concedant
1344 1713 1416 1794 ho·

178 1814 521 1913 mineacivitatem,
532 1813 907 1924 eidemqueimperio
917 1843 988 1924 per
1002 1819 1131 1902 omnia
1142 1819 1414 1926 subjicianturz

177 1925 425 2042 quodquam
446 1923 545 2006 male
559 1951 646 2006 cum
656 1925 912 2034 Legatorum,
936 1929 979 2010 ὃ(
993 1925 1211 2012 commercii
1222 1929 1307 2034 jure
1319 1955 1414 2011 cou-

176 2037 299 2148 giuat,
320 2059 438 2116 nemo
451 2059 529 2114 non
551 2031 672 2116 videt.
712 2031 899 2118 Veritmsr
917 2031 960 2116 δι
979 2041 1064 2143 jure
1084 2034 1277 2146 poffint&
1293 2037 1414 2122 velint

176 2144 307 2257 legati,
330 2141 473 2252 aliique
490 2143 651 2252 peregre
664 2165 834 2252 agentes,
848 2141 921 2226 sese
933 2144 1015 2229 aliis
1027 2173 1097 2258 per
1112 2146 1238 2233 omnia
1250 2143 1413 2258 subjice-

177 2285 237 2359 re,
258 2251 469 2340 nullaten
491 2273 630 2335 naturae
644 2274 798 2336 exteros
812 2251 882 2361 (ex
904 2251 1055 2340 Hobbii
1078 2255 1289 2362 sententia)
1312 2255 1417 2342 obli·

175 2386 287 2475 garet
307 2361 355 2444 ad
381 2355 479 2444 ullos
502 2357 781 2447 benevolentia
806 2365 910 2446 attus
942 2387 1139 2473 externos,
1158 2365 1225 2450 sed
1249 2365 1411 2447 liberum

174 2477 246 2560 illis
269 2471 362 2556 elset
384 2472 541 2578 eligere,
570 2497 619 2552 au
643 2471 766 2554 velint
791 2468 1003 2580 significate
1025 2467 1106 2558 ullo
1120 2473 1279 2576 indicio,
1303 2474 1411 2584 quod

176 2588 296 2672 aetum
318 2604 522 2664 externum
549 2578 726 2688 postulat,
751 2581 791 2665 se
813 2581 911 2661 hanc
930 2579 1166 2667 deditionem
1191 2609 1409 2693 acceptare,
1539 2657 1544 2668 .

173 2723 222 2778 au
242 2693 484 2790 innocentum
494 2689 674 2799 sanguine
686 2689 819 2776 oculos
830 2685 918 2774 suos
935 2687 1088 2802 pascere
1102 2690 1276 2780 mallent.
1313 2693 1410 2778 Non

172 2801 387 2890 movebunt
398 2800 477 2882 hac
497 2801 640 2909 opinor
652 2799 862 2904 Hobbium,
881 2822 947 2882 aut
958 2807 1039 2908 ejus
1050 2801 1250 2912 discipulos
1269 2805 1337 2918 qui
1352 2831 1411 2888 re-

172 2908 449 2998 conditioribus
471 2905 636 3015 ejusdem
650 2907 856 3017 disciplinae
879 2911 1065 3020 mysteriis
1082 2912 1250 3101 penitius
1269 2915 1408 2998 luerint
1496 2955 1501 2966 ·

169 3023 319 3106 imbuti.
359 3017 557 3128 Perspeua
580 3025 680 3102 enim
705 3016 791 3124 ipsrs
814 3023 1057 3132 &exoptata
1098 3043 1166 3101 unt
1184 3022 1263 3100 haec
1281 3029 1321 3106 ὃ(
1336 3023 1430 3102 hu··

170 3130 332 3238 jusmodi
355 3129 429 3211 alia
452 3131 648 3213 innumera
672 3127 925 3214 consectaria:
968 3131 1099 3213 Visum
1124 3128 1181 3214 est
1207 3150 1337 3211 tamen
1361 3155 1410 3210 ea

170 3244 300 3327 obiter
320 3238 523 3348 attingere,
546 3237 704 3323 &fimul
727 3237 781 3324 ob
801 3241 935 3324 oculos
960 3267 1124 3350 ponere,
1148 3261 1191 3322 ut
1205 3242 1408 3348 experian-

169 3376 234 3438 tur
243 3349 393 3459 ingenia
409 3347 460 3432 eo
483 3348 603 3460 ustpue
615 3349 786 3435 nondum
808 3351 1035 3460 depravata,
1053 3377 1101 3434 an
1113 3345 1279 3462 ipsorum
1293 3351 1407 3450 ratio,

169 3465 327 3572 totaque
340 3461 383 3542 iis
395 3457 502 3542 insita
516 3458 727 3543 humanitas
748 3458 798 3540 ab
814 3457 1031 3568 hujusmodi
1050 3460 1274 3570 dogmatum
1298 3485 1407 3540 mon-

167 3572 251 3655 stris
272 3599 350 3654 non
376 3564 624 3657 abhorreant.
661 3568 1021 3677 Hujusautemloci
1040 3569 1178 3678 scopus
1193 3571 1223 3654 is
1243 3567 1424 3672 tuntirm,¹

169 3685 220 3765 ab
249 3680 395 3764 ollibus
422 3679 636 3778 hominum,
659 3679 769 3762 velut
785 3678 835 3761 ab
859 3674 1058 3764 effectibus
1071 3677 1347 3766 observatione
1363 3683 1406 3765 &

38 3828 41 3832 ’
169 3792 356 3903 perpetua
378 3789 612 3899 experientia
628 3794 731 3889 notis
752 3789 924 3886 evincam
939 3811 1018 3874 tant
1039 3789 1259 3874 hominibus
1280 3792 1405 3898 fingu-

168 3905 214 3985 lis
233 3897 417 4011 (sepofito
430 3900 621 3984 societatis
642 3895 775 3980 Civilis
795 3893 965 4008 influxu)
988 3899 1404 4012 qu'amcivitatibusdi·

167 4014 281 4100 versu
305 4011 454 4114 maiora
475 4031 517 4094 ut
543 4004 980 4200 plurimumsasccrescere
1004 4011 1207 4097 commoda
1227 4037 1276 4094 ex
1290 4015 1403 4195 1111:ss-

823 4143 845 4202 α
992 4146 997 4155 ’
1264 4143 1335 4198 cen
1392 4174 1406 4214 ,
1531 4167 1535 4174 -
