3392 4572
697 233 971 367 Conseiiaria.
1331 292 1449 388 40¹·

73 401 82 414 “
182 401 1048 517 quiaaliijushabebantiiliteiistendi3t1nde
1066 401 1432 530 hoctantumpaui⁸

181 517 464 602 removendum
494 537 577 597 erat
598 511 854 618 obstaculum,
880 539 926 603 ut
947 524 1006 630 jur
1028 525 1068 604 iu
1084 549 1216 604 omnes
1229 512 1430 634 regnandi,

179 625 290 818 yuod
306 623 515 734 unicuique
527 621 710 732 competit
724 649 864 712 naturae
876 627 946 712 suae
959 614 1430 744 coaevum,(e.15.fi8a5·)

194 735 331 822 ublatis
344 734 620 842 impedimentis
631 731 707 816 sese
717 759 865 819 exerat.
1438 796 1442 806 .

236 843 382 927 Verirm
401 843 644 949 transiliamus
662 841 760 928 hanc
782 841 1064 952 difficultatem,
1090 853 1131 934 &
1159 849 1292 936 demus
1316 849 1439 936 Hob-·

125 1039 128 1046 ,
179 953 317 1038 bianoe
345 953 466 1036 Cives
487 979 575 1037 cum
600 953 714 1062 pauo
740 952 791 1038 de
813 951 1059 1042 transsatione
1080 961 1137 1042 sui
1153 962 1247 1068 juris
1262 963 1428 1070 compli-

179 1061 299 1147 cuiffe
312 1063 460 1176 pactum
475 1064 526 1147 de
540 1063 783 1174 praestatione
800 1083 912 1148 tantae
925 1065 1156 1155 obedientia
1196 1083 1311 1156 uanta
1330 1069 1425 1156 suffi-

179 1195 353 1364 ceretstut
365 1175 427 1364 {us
440 1173 592 1282 imperii
607 1199 685 1258 non
698 1172 793 1260 effer
814 1174 1092 1284 planefrustra.
1191 1179 1275 1264 imis
1295 1203 1426 1266 tamen

178 1307 280 1392 angu
330 1311 346 1366 s

178 1391 433 1476 frustraneum
459 1391 693 1478 seunussum.
732 1389 936 1498 Praeterea,
958 1393 1106 1480 cunrad
1127 1398 1269 1482 nullam
1280 1423 1425 1482 certam

178 1500 385 1586 mensuram
408 1499 632 1586 obedientiae
645 1496 794 1583 summit
813 1501 989 1609 Imperiis
1012 1503 1230 1616 praestandae
1257 1502 1425 1594 subditos

179 1610 328 1721 obliget
353 1607 532 1694 Hnbbius
575 1609 641 1694 sed
664 1607 715 1713 ad
736 1631 880 1712 tantam
896 1607 1066 1697 blitmut
1078 1615 1139 1722 jus
1163 1615 1319 1724 imperii
1344 1645 1431 1702 non·

177 1719 223 1804 fit
236 1718 379 1806 frustra
398 1671 627 1820 conceiium,
656 1742 775 1832 atque
800 1719 1010 1830 hocipirm
1023 1751 1094 1834 per
1109 1726 1422 1836 consequentiam

178 1828 327 1941 epactis
335 1831 386 1914 de
399 1823 818 1914 transsatione‘suorum
833 1830 975 1936 jurium
990 1829 1041 1913 ab
1053 1831 1136 1940 ipfis
1148 1833 1422 1940 deducendum

175 1941 233 2042 fit,
263 1935 472 2024 necefferib
484 1937 571 2022 ilios
582 1939 738 2048 reliquit
751 1937 899 2051 judicer
918 1941 1031 2046 hujus
1042 1939 1277 2052 quaestionis,
1287 1953 1423 2054 Qan-

175 2069 216 2136 ta
238 2047 445 2132 obedientia
469 2045 932 2162 neceffariipraestaendaefl
953 2067 996 2130 ur
1009 2053 1079 2156 jur
1100 2061 1251 2160 imperii
1274 2049 1423 2172 abipsse

175 2188 248 2244 non
275 2179 308 2242 rr
318 2156 466 2287 flustra
488 2159 737 2266 translatare?
766 2155 837 2266 ipii
860 2157 960 2241 enim
975 2155 1088 2242 finem
1114 2159 1164 2244 ab
1186 2159 1272 2272 ipsas
1290 2163 1420 2245 inten-

174 2293 256 2354 tum
270 2271 386 2354 inralr
399 2269 511 2378 pasto
532 2265 704 2352 ineundo
713 2266 865 2375 optime
878 2267 1120 2378 intelligente
1147 2297 1217 2354 nec
1245 2269 1329 2354 sciri
1344 2299 1419 2383 po·

175 2379 250 2463 test
273 2407 321 2463 an
343 2380 443 2464 astus
458 2377 595 2488 aliquit
615 2375 658 2460 iit
682 2375 915 2460 frustrantur
938 2375 1002 2460 nifi
1021 2377 1137 2463 abeo
1163 2381 1233 2488 qui
1244 2377 1358 2462 finem
1373 2381 1420 2462 ii-

173 2487 486 2618 iiusaiiitsplene
508 2485 751 2592 intellexerit.
796 2484 886 2568 Hoc
899 2487 1158 2599 autemquim
1180 2488 1419 2572 srtcnnstitu·

174 2621 219 2684 to
244 2599 411 2708 imperto
431 2593 682 2724 periculosum
703 2619 818 2679 nemo
837 2622 916 2679 non
942 2595 1068 2680 videt.
1107 2596 1285 2680 Arbitrio
1311 2600 1417 2682 enim

174 2711 246 2794 suo
267 2707 405 2792 subditi
428 2709 571 2790 limites
585 2725 732 2816 ponent
753 2699 981 2788 obedientia
995 2707 1080 2807 suae,
1108 2704 1195 2791 ciun
1216 2705 1303 2790 solis
1325 2709 1419 2816 legi·

174 2818 274 2902 busa
292 2815 507 2914 brodata,
518 2839 602 2928 quae
617 2813 781 2898 arbitrio
792 2813 990 2900 hominum
999 2816 1139 2899 mutari
1153 2843 1232 2899 non
1246 2815 1415 2924 puisent,

174 2925 367 3012 limitandi
380 2949 486 3008 erant
501 2929 749 3036 imperantes,
763 2945 932 3008 utantea
946 2922 1210 3008 ostendimure
1239 2923 1416 3035 iisde'mqe

176 3035 343 3147 Legibus
367 3035 598 3118 naturalibus
610 3033 810 3144 obligandi
822 3057 932 3117 erant
952 3033 1092 3117 subditi
1106 3033 1155 3115 ad
1167 3031 1415 3140 praestandam

174 3143 435 3232 obedientiam
462 3145 501 3224 in
520 3143 699 3227 omnibus
719 3141 914 3228 manifesti
938 3143 1043 3252 Lege
1069 3141 1232 3224 naturali
1245 3169 1323 3224 non
1345 3163 1417 3224 ue·

174 3260 268 3342 titis.
309 3252 544 3337 observabit
566 3279 617 3338 err
645 3251 1052 3362 hieprudensLestor,
1076 3251 1293 3360 primariam
1312 3251 1416 3334 dire·

175 3367 350 3475 &amque
370 3362 517 3448 causam
531 3361 681 3448 summae
694 3357 894 3470 pntestatie
916 3366 956 3446 in
978 3383 1209 3472 unaquaque
1226 3359 1414 3464 Ciuitate,

174 3470 611 3572 secundumrrobbium,
640 3471 720 3557 effe
745 3477 804 3580 jue
825 3470 918 3555 illud
932 3469 1199 3579 imaginarium
1221 3467 1413 3554 adomnia

173 3581 281 3697 quod
306 3583 416 3693 fingit
439 3583 505 3666 ilie
514 3583 704 3667 Naturam
719 3579 895 3666 omnibus
915 3577 1073 3680 dentre,
1101 3576 1285 3688 adet‘tque
1305 3580 1411 3664 inter

174 3719 333 3781 caetcros
354 3691 413 3776 iiii
434 3693 506 3801 qui
533 3697 573 3776 in
587 3691 793 3802 Imperium
806 3691 935 3773 Civile
954 3687 1183 3788 destituunt
1213 3687 1323 3796 pasta
1344 3717 1412 3770 au·

175 3829 253 3888 rem
275 3823 500 3886 ceterorum
523 3802 574 3884 de
587 3797 836 3902 transsatione
857 3799 954 3908 juris
975 3799 1034 3882 sui
1060 3801 1103 3880 in
1133 3797 1237 3880 illum
1263 3798 1411 3882 rantimr‘

175 3939 381 3998 removere
404 3911 711 4020 impedimentum
731 3905 796 3992 seu
811 3906 1055 3991 refistentiam
1077 3905 1235 3991 aliorum
1250 3909 1329 4016 qui
1345 3935 1413 3988 co·

174 4022 354 4109 hibentur
365 4021 595 4107 exercitium
608 4019 964 4129 iuriaiiiiusn'aturae
976 4017 1200 4129 imperantis
1212 4023 1408 4127 coaeyumt

458 4181 460 4184 -
776 4127 873 4214 trs
1190 4121 1416 4238 mettimque

381 1279 545 1375 mitibus
556 1281 746 1366 clauditur
759 1283 1098 1396 imperium,quod
1114 1285 1328 1374 esttantum
1345 1317 1426 1376 non
1595 1323 1597 1328 v
