3400 4566
200 239 204 250 ·
339 195 402 300 Di
418 195 530 332 Lege
544 183 734 299 Natura
746 193 911 333 ejrlsque
930 193 1222 336 obligatione.⁸
1329 209 1420 310 281
1565 284 1568 292 ,

176 389 350 479 magnam
376 371 629 478 agnoscimus,
649 377 691 456 8<
708 364 1035 478 plurimum-illiue
1053 369 1420 488 soetidtaris,‚·quam

174 485 389 588 quaerimus,
411 483 451 562 in
475 509 521 562 ea
545 482 736 564 contineri
759 489 973 564 monemus.
994 480 1101 562 ·Hoc
1124 505 1252 566 autem
1280 485 1333 566 ita
1360 492 1419 586 in?
1490 513 1497 524 ·

172 589 311 698 relligo
318 589 642 699 quemadmodum
659 589 822 672 dicimus
833 589 1032 673 sanitatem
1050 615 1224 700 magnam
1241 589 1317 676 effe
1330 617 1417 702 par·

170 719 251 780 tem
265 699 482 786 foelicitatis
493 726 609 808 quam
624 723 797 826 quarunt
810 699 1002 782 animalia.
1035 701 1246 786 'lllcstatus
1262 701 1319 786 est
1332 707 1416 790 arri·

169 809 225 892 mi
250 806 509 896 funilionibut
532 809 606 893 suis
617 831 690 894 rttc
709 806 934 918 peragendis
946 808 1134 907 idoneus,
1162 810 1416 919 hiccorpori⁸

167 917 301 1025 parilis
323 917 379 1000 est
404 915 602 1004 conditio:
627 940 794 1028 uterque
821 917 949 1008 status,
964 917 1158 1028 placidum
1188 920 1240 1002 sui
1266 920 1411 1008 stnsrrm

166 1024 300 1111 animo
324 1027 527 1135 imprimit,
562 1027 728 1140 indeque
753 1027 881 1112 lenem
903 1027 1063 1136 quidem
1085 1027 1150 1114 sed
1171 1029 1409 1119 constantem

165 1160 328 1244 generat
348 1139 531 1235 laetitiam,
558 1137 672 1236 etiam
693 1135 780 1220 crim
802 1165 863 1222 ret
886 1137 965 1220 alia
990 1137 1113 1223 minus
1135 1135 1312 1224 foeliciter
1327 1143 1411 1226 suc·

164 1244 323 1329 cedunt.
367 1249 465 1332 Non
485 1247 582 1330 libet
599 1267 730 1330 autem
744 1243 866 1330 bacin
886 1250 1046 1330 materia
1056 1246 1407 1358 distinguerejnter

161 1357 364 1440 sanitatem
389 1356 486 1438 hanc
508 1355 677 1440 animi&
702 1355 873 1461 ejusdem
896 1349 1053 1465 sensum,
1068 1357 1139 1440 seu
1166 1359 1404 1461 fruitionem,

161 1463 479 1576 quandoquidem
503 1467 657 1547 Natura
680 1465 759 1548 hac
782 1463 882 1548 adeo
904 1465 1040 1552 intime
1063 1467 1278 1571 conjunxit,
1302 1496 1345 1556 ut
1359 1473 1403 1552 li·

160 1573 246 1656 beri
270 1574 451 1658 virtutum
476 1577 781 1660 renascentum
795 1575 998 1684 perceptio
1023 1571 1323 1660 seucooscientia
1346 1581 1403 1662 di·

158 1679 252 1766 velli
269 1685 551 1795 nequeantase
563 1683 759 1768 inviceme
781 1709 852 1766 nec
864 1706 993 1766 tameo
1007 1684 1116 1768 litem
1139 1687 1213 1770 illie
1229 1690 1400 1774 movebo

156 1790 225 1921 qui
247 1792 429 1878 virtutem
439 1793 571 1878 malint
584 1791 712 1880 dicere
731 1792 941 1905 foelicitatis
962 1793 1129 1879 formalis
1151 1793 1298 1894 caulam
1320 1797 1400 1880 effi·

152 1902 1399 2122 lllltltlll’ltrllll‘{diffidentiam}

152 2121 409 2230 locupletare,
422 2129 465 2208 &
484 2121 534 2206 ad
548 2123 732 2228 majorem
752 2123 852 2206 illam
866 2120 1278 2235 polleaacquireudam
1292 2125 1394 2206 viam

152 2233 308 2316 munire
330 2259 374 2315 ac
393 2234 477 2341 spes
499 2233 664 2340 erigere.
707 2232 818 2314 Nihil
841 2238 940 2318 enim
965 2233 1128 2342 impedit
1169 2235 1233 2318 uin
1255 2232 1392 2318 eadem

151 2339 197 2424 lit
223 2343 418 2450 aggregati
441 2341 598 2448 alicujus
632 2337 840 2427 succeffive
863 2341 1058 2426 existentis
1079 2264 1187 2450 (rade
1212 2345 1312 2426 enim
1336 2344 1393 2426 est

148 2451 317 2534 humana
335 2450 531 2556 foelicitas)
544 2477 644 2561 part,
665 2453 707 2535 ὃ(
727 2471 856 2536 tamen
870 2451 1025 2535 aliarum
1040 2451 1207 2564 partium
1218 2451 1393 2556 ejusdem

228 2561 350 2669 regati
368 2586 452 2671 quae
464 2558 709 2668 postmodum
727 2558 890 2646 existent
910 2558 1234 2662 ousaefficiensr,
1248 2555 1321 2643 leil.
1346 2581 1390 2644 ut

148 2674 163 2754 i
192 2697 253 2754 em
266 2667 579 2758 homoCivitatie
597 2672 883 2783 Romauaepars
898 2667 956 2772 stt,
981 2674 1021 2756 δι
1047 2665 1240 2780 paterfilii
1258 2669 1308 2755 de
1326 2697 1390 2753 ea·

146 2781 237 2864 dem
255 2780 430 2864 Ciuitate
441 2781 576 2868 futuri.
942 2831 946 2840 ,
1047 2848 1050 2857 .
1086 2803 1091 2812 '

202 2891 403 2976 innumera
420 2891 575 3000 quidem
601 2889 684 2974 sunt
698 2885 804 2998 apud
827 2884 1099 3000 philosophos,
1125 2889 1148 2972 ὲ
1176 2891 1270 2975 Stoa
1291 2917 1387 3001 prae·

145 2997 275 3084 sertim
286 3004 328 3086 8<
349 2999 575 3106 Academia,
595 3025 681 3109 quae
693 2997 907 3082 luculenter
920 2996 1024 3081 semul
1041 3001 1084 3080 er
1102 3001 1385 3082 nervoreevin·

148 3112 419 3204 cuntv'rrtuter
441 3108 677 3194 foelicitatem
690 3109 816 3190 secum
837 3106 1048 3194 necessario
1068 3127 1294 3216 apportare,
1321 3130 1385 3188 ut-
1522 3135 1535 3149 ’

145 3217 331 3413 liiii?
364 3214 1383 3424 {llll¹522{illideret,illeillllll

145 3435 282 3534 benda,
295 3442 346 3520 Su
386 3443 463 3522 ciat
477 3435 586 3549 quod
596 3433 837 3522 libentiffine
848 3433 1047 3545 agnoscam
1057 3461 1121 3518 eas
1132 3429 1209 3518 elle
1224 3435 1383 3518 eximiae

144 3568 274 3654 partes
289 3547 498 3632 foelicitat'rs
521 3549 704 3644 humanae,
727 3545 825 3630 adeo
848 3568 891 3627 ut
913 3571 984 3630 nec
1009 3541 1086 3629 line
1120 3545 1164 3628 iit
1189 3543 1380 3656 quispiam

143 3652 249 3766 (aliie
271 3657 360 3742 licet
383 3653 1049 3762 muncumutattffimus)foe1ixeffe
1074 3649 1214 3764 poffitr
1242 3679 1380 3738 necere

142 3767 235 3850 dum
246 3760 441 3869 affirerint,
460 3769 589 3864 miser,
602 3765 775 3872 quamvir
800 3761 1051 3846 calamitosus.
1091 3764 1380 3875 Diguaeitaqtre

141 3869 519 3988 sum-quapropter
539 3869 779 3958 intrinsecam
806 3869 874 3954 frbi
897 3869 1170 3979 perlcffionem
1193 3898 1380 3987 appetan-

142 4005 219 4086 tur,
243 3984 387 4069 etiamfr
406 3989 510 4070 nulla
523 3981 620 4068 effer
641 3983 800 4068 Natura
817 3981 903 4066 Lex
932 4009 1017 4092 quae
1041 3983 1122 4066 illas
1140 3985 1374 4088 imperaret:

139 4093 261 4206 idque
273 4093 495 4207 diligentius
506 4090 715 4253 probarem
727 4089 813 4284 erig
810 4119 893 4290 ugo
914 4089 1035 4181 modo
1056 4091 1291 4282 coucelfurgrc,
1299 4086 1385 4281 {leg
