3392 4572
54 236 60 249 .
162 105 175 124 ι
232 77 234 80 ¹
274 193 367 298 352
631 163 695 264 De
722 163 884 299 origine
906 161 1090 261 Dominis
1116 166 1169 268 sn

272 327 323 412 ab
344 327 540 416 invasione
559 317 686 434 slieni,
709 329 999 440 curandtimque
1018 351 1062 414 ut
1085 329 1247 441 publico
1261 328 1522 416 inserviamus.
1592 373 1606 383 „

270 439 602 526 uimitata'autem
619 442 698 526 haec
717 449 851 525 ursanus
870 445 910 528 in
922 441 1218 551 Temperantia,
1228 441 1470 550 Frugalitate
1482 445 1524 523 8t

273 542 466 636 Modestia
482 551 675 663 ptaecipue
700 553 740 636 se
761 551 941 662 explicat.
979 551 1166 662 Denique
1180 550 1314 633 eadem
1328 551 1415 634 Lex
1443 553 1524 634 Na·

274 661 410 745 turalis
430 689 514 771 quae
539 661 710 750 dominia
723 660 931 764 distribuit,
957 661 1172 854 eadsmgue
1196 659 1340 769 justitia
1359 661 1427 745 seu
1450 689 1520 746 vu⁴

274 773 400 856 luntas
422 771 512 880 juro
534 769 582 854 fic
600 774 744 883 cuique
770 771 860 854 data
882 771 1092 872 conservam
1120 778 1148 872 i,
1177 797 1260 882 quae
1273 771 1353 854 aliis
1371 772 1521 881 prospi-

276 885 330 967 cit
345 883 387 964 δι
402 878 710 990 nobismet-ipss,
736 878 798 966 uti
812 880 1059 984 ostendimus,
1078 880 1207 990 dirigit
1228 878 1401 993 insuper,
1425 879 1527 964 limi·

277 995 412 1102 tstque
437 984 611 1079 effebum
629 993 738 1076 illum
760 1015 963 1104 potentum
979 1019 1078 1100 verga
1101 986 1188 1075 suos
1201 990 1343 1075 liberos
1356 993 1423 1103 qui
1445 991 1528 1084 steri

278 1103 433 1202 dicitur,
458 1102 705 1187 &communi
720 1101 828 1188 bono
851 1129 925 1211 prae
939 1096 1305 1186 caeterisutiliffimus
1320 1099 1391 1186 est.
1430 1104 1528 1184 Sunt

281 1215 386 1298 enim
401 1209 676 1296 liberi'mistum
689 1209 871 1338 quiddam
886 1211 908 1294 b
924 1204 1391 1318 nobismet-ipsis&oliis3
1416 1209 1530 1295 ides>-
1669 1257 1670 1270 κ

281 1351 363 1434 que
382 1318 535 1406 necesse
553 1321 609 1406 est
631 1343 673 1404 ut
687 1344 824 1423 vlrtu8,
852 1322 929 1432 qui
953 1321 1250 1405 determinamus
1272 1321 1321 1404 ad
1346 1318 1528 1407 nostri&

282 1433 448 1516 aliorum
461 1458 608 1533 cutam,
622 1431 808 1542 peculiari
823 1433 970 1514 ratione
988 1432 1132 1539 spectet
1153 1459 1221 1516 eos
1244 1431 1444 1542 inquibus
1459 1459 1530 1515 uos

190 1553 191 1556 ‘
283 1569 370 1626 cum
392 1542 478 1622 aliis
500 1541 777 1652 conjungimur¹
798 1543 840 1622 8<
866 1539 1168 1648 commiscemur,
1186 1544 1229 1624 8<
1252 1564 1417 1653 utraque
1442 1569 1531 1650 pars

285 1647 427 1754 objeffi
445 1648 558 1758 hujus
571 1649 728 1750 ‚virtutis
744 1649 1010 1758 conjungitur.
1052 1649 1187 1760 Atque
1208 1651 1385 1735 hinctam
1397 1649 1530 1734 sedula

286 1761 342 1845 est
355 1764 395 1842 in
417 1759 522 1844 omni
535 1757 752 1868 Republica
762 1759 998 1869 posteritatis
1011 1787 1120 1861 cura,
1139 1761 1180 1843 in
1199 1759 1369 1871 Legibus
1381 1761 1431 1844 de
1448 1761 1532 1844 suc·

287 1865 515 1956 cessionibus
545 1871 709 1954 inbono
734 1871 776 1954 8<
803 1869 900 1979 saepe
932 1872 975 1951 in
998 1867 1122 1954 officia
1145 1869 1426 1956 defunctorum.
1471 1871 1534 1952 Ex

288 1982 368 2068 hoc
390 2003 518 2064 autem
529 1979 695 2065 articulo
716 1978 965 2064 facilecuivis
976 1999 1083 2090 patet
1097 1987 1139 2066 &
1162 1977 1458 2066 Beneficentiam
1474 2009 1535 2064 er·

108 2191 117 2202 .
288 2120 337 2202 go
350 2093 461 2190 alios,
474 2089 676 2176 Pusiotum
689 2091 768 2174 vim
781 2087 1280 2201 acfidem,Grotitudinem,
1294 2091 1538 2202 Temperan-

289 2209 397 2301 tiam,
425 2201 715 2310 Frugalitatem,
738 2199 982 2310 Modestiam,
997 2202 1187 2294 soeyitnou
1200 2199 1309 2311 posse
1331 2203 1448 2310 plene
1470 2229 1539 2288 ex·

291 2309 442 2424 plicari,
467 2307 535 2394 uisi
568 2307 670 2419 ptibs
696 2311 886 2420 tradatur,
915 2335 982 2392 aut
1003 2309 1241 2422 supponatur
1270 2313 1411 2419 jurium
1436 2310 1540 2395 divi-

291 2423 347 2506 sro
372 2423 450 2536 qui
471 2419 640 2505 nostrum
663 2421 714 2504 ab
734 2421 865 2506 alieno
884 2418 1162 2531 distinguiturs
1191 2427 1232 2506 8t
1257 2443 1445 2532 praeterea
1460 2425 1539 2504 elu-

291 2535 409 2617 cescit
432 2531 591 2616 eundem
615 2531 757 2640 Legem
779 2531 1048 2633 universalem,
1074 2531 1151 2642 qui
1176 2529 1253 2618 haec
1275 2529 1413 2617 divisio
1436 2529 1540 2615 fit&

294 2641 561 2742 conservatur,
587 2639 638 2723 ad
662 2641 799 2724 harum
827 2643 997 2725 omnium
1011 2643 1199 2732 virtutum
1213 2642 1444 2726 exercitium
1472 2641 1540 2724 hu·

296 2756 416 2834 mines
440 2751 633 2858 obligare,
657 2775 776 2860 atque
791 2751 839 2834 ad
862 2779 998 2834 omnes
1022 2751 1190 2861 reliquas
1212 2777 1298 2863 quae
1326 2774 1394 2836 aut
1420 2753 1463 2836 in
1488 2753 1540 2838 his

259 2959 267 2972 ,
292 2863 557 2958 continemur,
570 2881 638 2940 aut
651 2859 791 2943 exinde
804 2859 1118 2970 prosemiuantur.

275 3035 298 3072 ,.
353 2971 478 3070 §.XL
507 2969 699 3081 Denique
719 2997 852 3054 omnes
865 2972 1109 3082 particulares
1121 2997 1276 3056 morum
1289 2975 1467 3083 Regulae,
1479 2975 1546 3061 seu

293 3085 440 3192 Leges,
452 3105 529 3180 tem
542 3081 687 3190 quibus
698 3083 933 3192 populorum
954 3083 1194 3166 diversorum
1213 3084 1299 3188 juro
1313 3085 1362 3170 ab
1380 3083 1546 3171 invaso·

301 3194 531 3277 nessiorum
556 3194 791 3291 muniuntur,
818 3196 936 3303 quim
958 3192 1097 3302 quibus
1118 3191 1348 3276 summorum
1362 3197 1547 3304 imperio·

166 3398 167 3402 Ν
304 3303 609 3386 maurusiorum
630 3303 825 3400 fundatur,
840 3305 1195 3388 occonservoturit
1221 3299 1473 3389 seditionibus
1488 3333 1549 3388 tes

303 3441 426 3498 novas
450 3410 705 3510 molientium,
724 3418 765 3496 ὃ(
786 3411 1029 3497 subditotum
1052 3416 1138 3518 juta
1162 3415 1186 3500 it
1209 3416 1473 3521 potentiorum
1509 3421 1549 3498 vi

303 3522 576 3620 defenduntur,
589 3549 637 3603 ex
650 3521 786 3604 eodem
802 3545 997 3634 praecepto
1005 3525 1054 3605 de
1068 3522 1337 3609 distribuenois
1348 3523 1550 3631 dominiis,

306 3659 393 3714 curu
414 3631 584 3740 respessu
608 3631 656 3713 ad
672 3629 891 3715 Commune
902 3633 1067 3741 Bonum,
1078 3634 1318 3719 derivantur.
1361 3635 1465 3718 Dixi
1487 3663 1550 3717 nu·

301 3769 385 3826 tem
400 3745 437 3824 in
461 3744 536 3825 hoc
559 3765 755 3851 ptaecepto
776 3745 1044 3826 austuritatem
1067 3741 1237 3827 Civilem
1262 3744 1430 3849 fundati,
1450 3775 1549 3856 quo·

309 3855 409 3932 niam
426 3851 659 3934 manifestum
679 3851 737 3932 est
758 3853 951 3961 regiminis
965 3851 1101 3938 Civilis
1112 3853 1420 3942 constitutionem
1436 3857 1550 3964 lougb
1669 3949 1670 3954 Ν

309 3961 496 4046 efficacius
515 3954 592 4044 esse
611 3959 778 4040 medium
786 3964 835 4041 ud
855 3989 1096 4048 communem
1109 3963 1265 4048 humani
1286 3971 1439 4076 generis
1451 3968 1551 4052 foeti·

313 4073 466 4158 citatem
489 4073 701 4184 pacemque
723 4068 921 4178 tuendam,
942 4075 1058 4187 quim
1083 4077 1238 4186 aequalis
1255 4077 1393 4164 diviso
1413 4093 1553 4178 retum,

1476 4217 1555 4300 quae
