3392 4572
19 3947 21 4012 r

190 1389 196 1404 ,
281 1307 361 1386 tui.

225 167 227 184 '
275 144 368 278 368
495 120 813 247 Deoirtulibros
829 135 1356 278 Motolilurfigillotim.'

276 335 407 396 autem
430 311 577 392 Civiles
598 311 702 422 (quae
718 315 773 396 de
794 313 906 398 rebus
921 316 1076 420 majoris
1091 315 1238 402 tantirrn'
1251 319 1439 401 momenti
1452 317 1526 400 lol-

275 425 385 506 licirae
398 417 513 528 lunt)
533 420 701 522 judicare
715 425 843 508 solent
857 423 1051 508 hominem
1065 429 1135 534 qui
1147 421 1381 534 sibimet-ipfi
1401 430 1525 510 vitam

277 534 404 642 eripit,
421 559 499 612 non
517 527 581 610 srbi
596 529 728 634 solum,
744 533 809 615 sod
822 533 1099 642 &reipublicae
1121 533 1277 618 noxium
1292 535 1397 624 effer
1426 537 1524 616 illam

278 645 381 724 enirn
396 642 480 722 cive
493 639 648 748 spoliat,
663 641 783 752 idque
795 646 896 724 inter
909 641 1051 752 flagitia
1065 647 1229 727 maxima
1244 647 1381 729 meritd
1391 669 1527 729 nume·¹

277 775 398 836 ratur.
436 747 537 830 Huic
560 771 688 832 autern
705 749 853 835 crimini
874 775 1009 835 contra
1031 750 1175 839 bonum
1202 755 1398 862 publicum
1420 781 1526 838 corn·

278 861 388 944 miss'o
408 881 565 941 eatenus
588 860 736 942 accedit
761 863 884 948 omnis
907 859 1125 946 voluntaria
1140 863 1374 947 valetudinis
1387 861 1529 948 nostrae

279 971 502 1066 diminutio,
518 995 716 1074 quatenus
731 999 823 1054 vera
841 971 1065 1054 valetudinis
1080 973 1279 1082 estimatio
1300 972 1348 1054 ad
1365 973 1528 1057 aeiiima-

279 1083 427 1168 tionem
452 1079 539 1158 vitae
554 1081 856 1190 appropinquat,
883 1083 922 1162 in
942 1079 1079 1164 ordine
1104 1083 1299 1193 praeeipue
1322 1082 1371 1166 ad
1393 1107 1528 1164 mune·

284 1209 326 1274 r'a
353 1185 517 1300 publica,
546 1212 710 1292 quorum
723 1186 871 1275 sunnio
881 1189 1062 1300 ‘aliqualis
1085 1191 1134 1274 ab
1158 1189 1333 1278 omnibus
1348 1193 1531 1302 experia-

335 1412 417 1496 Res
432 1413 559 1497 adhuc
580 1408 720 1494 clarior
735 1407 877 1490 evadet
896 1373 1442 1516 fispecintimconsrderemut,
1463 1439 1531 1493 cu·
1554 1379 1557 1386 ⁵

284 1522 553 1630 rarncorporia
581 1519 703 1604 nostri
726 1515 929 1617 confistere
940 1521 981 1600 in
1001 1519 1263 1604 moderatione
1275 1521 1531 1629 cupiditatum

287 1633 519 1822 uapusragiupp
544 1655 629 1742 quae
644 1625 812 1734 spectant
829 1625 881 1708 ad
899 1627 1232 1714 conservationem
1245 1630 1306 1748 uel
1318 1629 1533 1729 individui,

286 1767 414 1931 veniel
429 1770 622 1934 leddividui
641 1807 974 1930 conservationem
987 1849 1157 1958 pertinet
1178 1857 1357 1960 Appetitio
1383 1809 1540 1956 (r)t'i·v

289 1961 433 2060 borum,
458 1962 521 2042 cui
545 1953 871 2064 ifioepraedisto,
894 1953 1053 2068 ejt'tipue
1069 1954 1245 2041 omnibus
1260 1957 1535 2068 partibusmo·

191 2118 199 2129 ·
292 2069 386 2152 dum
411 2067 617 2180 praescribit
633 2061 889 2174 Abstinentiae
922 2070 993 2147 'cui
1016 2089 1272 2174 opponuntur
1288 2076 1334 2154 ’δι
1348 2067 1463 2152 nimia
1482 2065 1536 2148 sui

289 2179 569 2277 Maceratio,'&
586 2177 783 2280 ingluvies.
837 2173 908 2279 (a)
921 2191 1083 2275 Potitum,
1107 2203 1273 2285 quorum
1287 2177 1538 2261 defider'roti·

290 2295 401 2373 mites
415 2287 525 2402 ponit
545 2285 740 2381 Sobrietas,
766 2285 1244 2394 cuiEbrietmopponitur.
1300 2284 1380 2394 (3)
1393 2295 1537 2384 Somni,

293 2404 401 2506 cujus
429 2393 662 2510 appetitioni
686 2389 855 2501 praefidet
885 2399 1096 2502 vigilantia,
1125 2421 1208 2504 qnae
1234 2391 1302 2476 fibi
1324 2395 1537 2506 opposttam

293 2511 443 2594 excutit
458 2509 754 2619 somnolentiam.
778 2520 780 2528 ’
808 2499 880 2608 (4)
892 2507 1168 2588 Recreatioimm
1177 2505 1244 2588 seu
1264 2516 1539 2600 exercitiorum,

160 2662 164 2687 .·
295 2617 358 2699 cui
382 2619 502 2702 virtus
527 2615 737 2698 meufirraru
752 2609 917 2696 statuens
940 2639 1081 2700 nomen
1130 2615 1297 2724 ropriurn
1320 2615 1540 2698 nonhabet

295 2727 501 2834 (quantum
517 2721 700 2826 nemini)
717 2749 787 2802 nec
801 2724 896 2803 vitia
920 2723 956 2804 ei
976 2724 1014 2806 in
1034 2723 1085 2806 de
1103 2725 1201 2824 citu,
1221 2745 1284 2806 aut
1298 2723 1539 2832 excetsuop·

296 2834 430 2945 posrta.
483 2837 514 2942 ζ
518 2833 564 2939 5)
577 2849 871 2913 ornamentorum
883 2831 930 2914 ad
944 2833 1144 2914 Decorum
1157 2855 1356 2916 externum
1373 2835 1413 2915 in
1426 2855 1540 2918 uten-

298 2945 442 3044 filibus,
467 2941 648 3044 vestibus,
664 2941 704 3022 8<
727 2936 888 3022 aedificiis
915 2939 1199 3048 pertinentium.
1247 2945 1291 3023 In
1311 2942 1367 3024 his
1382 2944 1537 3028 modum

298 3053 478 3140 observat
503 3053 707 3134 arundines
721 3053 761 3132 δι
781 3053 969 3158 Elegantia
984 3046 1210 3155 ungulorum
1222 3050 1436 3138 conditioni
1478 3083 1540 3136 ro·

301 3167 549 3270 portionata5
576 3157 660 3244 cium
675 3179 803 3242 autem
815 3162 969 3268 superat
988 3157 1343 3262 animusdelicatus,
1372 3081 1540 3249 &adeo

301 3270 447 3372 deficit,
462 3271 643 3354 sorditirs
666 3297 710 3350 ae
727 3273 893 3379 squalor.

359 3384 396 3477 p.
415 3383 487 3461 tx.
518 3379 580 3460 Ad
602 3378 743 3487 speciei
758 3377 929 3486 denique
944 3375 1288 3466 conservationem
1306 3379 1471 3490 pertinet
1485 3409 1544 3492 ap·

162 3569 164 3574 .
298 3503 432 3600 petiere
459 3498 616 3585 esenern,
639 3485 700 3569 cui
714 3487 763 3568 ab
776 3487 901 3570 iisdem
922 3489 1060 3596 regulis
1075 3493 1262 3577 terminos
1280 3489 1360 3602 figit
1372 3489 1542 3682 essim,
1676 3503 1677 3508 '

303 3629 401 3708 quos
425 3596 638 3708 perrumpit
661 3605 960 3680 lncortinentr'ar
988 3597 1091 3680 illius'
1111 3623 1239 3685 autem
1256 3605 1379 3685 varias
1418 3609 1543 3709 peciea

306 3711 413 3790 nimis
428 3709 515 3790 sane
527 3729 636 3790 notas
648 3734 723 3788 noo
736 3735 834 3814 opus
852 3707 906 3788 est
920 3733 1155 3790 enumerare.
1186 3711 1318 3820 Atque
1330 3709 1543 3796 lacilehinc

307 3817 520 3929 perspicere
545 3815 633 3895 licet
654 3817 728 3925 qui
742 3817 888 3902 ratione
901 3819 1033 3898 multis
1049 3817 1174 3900 modia
1193 3820 1319 3924 injurii
1343 3817 1451 3904 fimus
1464 3822 1544 3906 aliis

304 3927 397 4008 dum
418 3921 695 4008 Genionostro
709 3923 968 4033 indulgemus
996 3942 1151 4034 nempe,
1175 3951 1255 4012 turn
1271 3955 1461 4040 quatenus
1476 3929 1543 4040 q'ui
1676 3939 1677 3984 ³

307 4035 468 4144 teipsum
493 4033 609 4137 laedit,
632 4034 765 4118 vulnus
787 4030 926 4148 infligit
950 4032 1123 4120 membro
1144 4037 1327 4142 Familiae,
1349 4037 1545 4142 Civitatis,
1676 4087 1677 4094 κ

1394 4149 1547 4236 humani
