3410 4574
273 153 368 222 200
515 114 576 217 De
593 111 704 251 Lege
719 107 906 256 Nature
936 95 1397 252 rjaisqreobligoiiooe]

272 289 399 374 moria
424 281 589 394 reposita
618 285 666 368 ad
685 283 1046 370 determinationem
1069 282 1235 364 hominis
1260 311 1333 390 pro
1357 309 1408 366 re
1428 299 1523 364 nata

272 415 471 482 recurrant
486 395 525 478 in
539 417 727 494 mentem,
747 395 915 478 habitum
933 392 1174 477 constituunt
1186 391 1336 474 virtutis
1348 392 1524 475 Moralir.
1621 387 1627 392 ’

275 508 327 592 lis
342 504 510 588 autemfi
555 504 620 588 nid
636 505 795 590 accedat
809 505 915 614 quod
929 503 1097 586 civitatis
1116 502 1275 607 alicujus
1291 501 1525 610 peculiarem

275 615 447 725 respiciat
461 641 535 698 con
570 617 792 716 itutionem,
806 637 870 698 aut
892 613 1062 712 cujusvis
1078 617 1119 696 in
1140 639 1183 693 ea
1207 607 1375 710 officium
1397 610 1526 720 publi·

275 753 377 826 cum,
399 743 465 804 aut
483 753 542 807 res
556 725 739 833 privatas,
755 723 797 805 fit
810 753 854 806 ea
866 745 948 806 tum
961 721 1162 835 prudentia
1177 719 1331 820 Civilis,
1346 720 1525 818 Politica,

183 867 184 871 ¹
278 837 344 918 vel
369 835 523 944 privata
548 856 672 944 prout
696 833 997 918 additamentum
1022 829 1114 913 illud
1138 827 1400 939 postulaverit.
1445 833 1525 912 Ve-

279 944 363 1030 rirm
386 941 465 1024 haec
496 943 617 1026 nimia
638 940 741 1028 forte
775 944 982 1031 videantur
1004 969 1088 1054 quae
1116 937 1188 1024 htc
1205 938 1403 1025 occafione
1422 939 1527 1024 dice·

281 1076 426 1138 rentur.

335 1161 494 1262 §.Vnt
523 1158 653 1272 Pergo
667 1161 715 1246 ad
730 1115 1106 1272 communesquod
1128 1156 1379 1268 &publicum
1401 1154 1525 1268 dico)

281 1270 431 1356 bonum
445 1270 680 1356 enucleatim
697 1269 979 1382 explicandum.
1018 1270 1093 1350 Illis
1112 1289 1239 1351 autem
1258 1267 1389 1352 verbis
1414 1268 1527 1350 intel·

202 1463 206 1468 .
285 1381 422 1465 tetrum
436 1381 552 1461 velim
580 1383 919 1492 Aggregatumseu
942 1382 1125 1466 summam
1149 1375 1340 1461 bonorum
1356 1376 1526 1461 omnium

286 1491 423 1600 quibus
449 1490 708 1598 operainostrd
728 1495 914 1576 cumulari
935 1487 1091 1599 possunt
1115 1486 1256 1596 singula
1278 1488 1385 1569 entia
1411 1490 1528 1570 ratio·

254 1641 257 1648 ·
287 1599 390 1680 nalia
412 1599 648 1701 conjunctim
660 1600 912 1701 consrderara,
932 1606 975 1684 8<
990 1594 1196 1680 secunditm
1212 1595 1388 1680 ordinem
1412 1626 1527 1709 quem

288 1709 452 1797 interea
473 1707 724 1794 constitutum
750 1711 977 1820 reperimur,
999 1727 1065 1788 aut
1079 1703 1128 1788 ad
1141 1706 1529 1792 eorumsoelicitatem

290 1816 596 1901 constituendam
620 1817 834 1904 necessario
865 1817 1124 1929 requiruntur.
1180 1812 1396 1900 Considero
1430 1823 1531 1904 enim

292 1923 442 2036 Deum,
468 1926 722 2042 hominesque
741 1927 940 2016 universos
961 1947 1121 2039 propter
1140 1922 1192 2008 ali
1221 1925 1345 2010 nalem
1363 1925 1532 2012 similitu·

292 2037 425 2120 dinem
448 2037 669 2150 iuratione,
692 2040 759 2126 seu
778 2059 909 2122 natura
937 2035 1173 2144 intelligente
1190 1953 1259 2118 sirb
1280 2039 1538 2122 unaootioue

292 2147 602 2255 representatos,
625 2147 688 2230 cui
710 2150 827 2236 notio
844 2155 982 2246 onmis,
1004 2143 1069 2228 seu
1091 2143 1253 2252 summae,
1279 2143 1428 2246 addita,
1450 2175 1533 2230 eam

293 2253 386 2340 sacit
402 2254 451 2336 ad
466 2252 630 2364 singulos
650 2257 689 2340 se
701 2255 931 2342 diffirndere.
970 2253 1108 2336 Facilis
1121 2277 1253 2337 autem
1265 2253 1322 2338 est
1332 2255 1534 2344 cuivisho·

295 2361 389 2448 mini
407 2367 599 2474 generalis
622 2367 722 2454 emit
738 2363 933 2452 rationalis
958 2365 1088 2462 notio,
1111 2367 1154 2448 &
1173 2363 1533 2475 syncategorenatis

294 2472 398 2556 illius
421 2472 634 2583 [Omnia]
658 2503 742 2587 quo
753 2481 896 2565 summa
909 2471 1114 2558 indicatur.
1155 2472 1281 2557 Brutia
1304 2499 1432 2561 aurem
1454 2505 1535 2590 que

298 2609 370 2666 nec
394 2582 618 2668 abstrahunt
642 2585 943 2698 longolarium,
973 2612 1044 2666 nec
1066 2605 1281 2686 numerant,
1312 2607 1354 2669 ut
1379 2590 1536 2674 summas

298 2691 481 2799 colligant
494 2691 657 2802 (multd
678 2721 806 2781 autem
827 2693 951 2779 minits
975 2693 1176 2791 Naturam,
1199 2695 1277 2805 qud
1291 2695 1538 2784 Deuadeho-

299 2800 423 2883 mines
436 2805 688 2908 conveniunt,
701 2801 937 2913 percipiunt)
957 2803 1092 2886 harum
1104 2804 1320 2905 notionum,
1344 2833 1420 2889 neu
1434 2837 1539 2893 com·

301 2905 413 3017 petit.
450 2909 600 3010 Quide
622 2915 732 2997 causl
748 2913 849 2998 inter
872 2915 964 2996 alias
984 2939 1185 2997 commune
1207 2911 1348 2998 bonum
1374 2917 1541 3026 spectare

303 3043 516 3128 nequeunt,
531 3050 602 3104 nec
621 3022 1180 3132 virtutir‚autSocietatiscum
1196 3023 1415 3112 hominibus
1435 3027 1540 3140 (quae

301 3129 1263 3239 milliusconfiderarionefundatur)napaciasuna.
1306 3139 1542 3250 Quanquam

304 3261 434 3322 autem
457 3240 694 3326 rationalium
715 3271 916 3326 commune
938 3243 1080 3324 bonum
1093 3240 1251 3351 spellari
1271 3245 1541 3348 immediatein

302 3347 603 3456 legibusnaturae
624 3352 758 3436 nollrae
771 3351 948 3451 dixerim,
972 3379 1047 3434 oon
1066 3373 1192 3436 tamen
1207 3357 1427 3464 negaverim
1448 3367 1543 3472 quin

305 3483 359 3540 eae
384 3477 557 3542 naturam
579 3457 820 3562 inferiorem,
835 3462 1026 3574 planeque
1039 3463 1310 3568 irrationalem,
1339 3469 1544 3581 &corpo-

307 3593 412 3648 ream
434 3595 534 3653 curae
559 3567 694 3654 nostrae
718 3569 961 3656 demandent.
986 3603 1024 3654 n.
1046 3605 1087 3680 g.
1121 3574 1352 3658 Animalium
1381 3577 1545 3686 pastum,

307 3675 521 3779 plantarum
544 3677 739 3782 sationem,
766 3677 953 3792 ipsiusque
977 3711 998 3764 a
1027 3685 1058 3765 ri
1082 3685 1237 3786 cultum3
1260 3693 1546 3795 quatenushaec

308 3782 356 3904 ‘ld
382 3781 460 3864 Dei
479 3787 682 3888 honorem,
706 3790 980 3904 hominumque
993 3711 1226 3879 deliciantem
1248 3795 1444 3881 deservire
1455 3805 1545 3911 pos·

307 3889 404 3979 srnt5
431 3896 564 3981 vernn
590 3899 628 3979 id
651 3899 739 3981 dum
753 3903 894 4008 agitur,
922 3931 1000 3986 non
1020 3903 1197 4014 propri&
1222 3905 1545 3994 saltemnonulri·

308 4002 387 4105 mo,
402 3999 586 4117 spesimur
608 4006 739 4091 harum
760 4035 886 4094 rerum
902 4012 1101 4122 persedio,
1125 4011 1188 4096 sed
1213 4017 1375 4124 ipsarum
1391 4017 1490 4122 usus,
1503 4027 1545 4108 8t

1338 4129 1547 4213 concursus
