3418 4568
341 251 343 259 ψ
600 111 824 288 Epz'flola
845 105 1186 240 Dedicaurt'a.

110 347 275 504 &42¹⁶ss
289 331 404 462 bius
429 329 486 458 id
500 329 703 462 licitum
724 331 1023 502 elleaperte
1045 331 1301 458 docuerit.
1331 329 1473 485 Ae}

117 507 276 616 ‘¹'l⁹·³⁵⁰⁷
293 509 385 634 has
406 500 1018 675 quidemDedicationis
1039 499 1211 625 caulas'
1241 385 1477 673 luggellit

294 687 468 849 operis
524 673 684 796 nostri
735 681 1144 842 argumentum.¹
1182 671 1475 800 Aullorenr

296 847 445 1016 quod
463 850 676 996 attinet,
719 837 950 968 latuerit
969 840 1149 968 dixille
1174 843 1318 966 illum
1345 845 1481 978 Tibi

171 1050 175 1065 ’
295 1057 359 1142 ut
380 1019 623 1146 Patrono
645 1012 781 1136 adeo
796 1011 1095 1137 devinctum
1108 1008 1218 1165 elle,
1262 1052 1324 1136 ut
1343 1015 1483 1140 hunc

301 1191 497 1358 ingenii
516 1179 593 1308 lui
617 1179 810 1306 foetum
831 1181 952 1310 Tui
981 1180 1114 1344 juris
1147 1181 1242 1304 else
1262 1180 1483 1310 libenter

304 1352 588 1526 agnoscat,
630 1360 760 1519 quia
802 1357 860 1474 in
901 1349 1032 1476 Tua
1079 1349 1221 1517 quast
1265 1351 1487 1480 nascitur

305 1529 487 1650 domo.
561 1517 664 1649 *Eo
718 1518 945 1688 denique
1002 1519 1217 1646 confi-lio
1259 1520 1489 1648 libellum

310 1695 464 1820 illum
484 1691 563 1816 ad‘
578 1687 665 1814 Te
687 1687 811 1816 dedi
832 1729 906 1816 ut
931 1696 1077 1856 genti
1104 1687 1322 1816 literatac
1343 1693 1491 1864 (quae

254 1857 261 1872 ’
312 1901 429 1989 tota
449 1903 547 1986 tuo
571 1859 786 2032 allurgit
805 1863 1035 2025 nomini)
1055 1865 1254 2027 gratior
1276 1859 1364 1988 lit:
1407 1861 1492 1989 Fi·

314 2033 396 2160 liis
423 2067 599 2155 autem
620 2038 741 2184 tuis,
792 2026 1043 2155 Tuaruur
1074 2028 1360 2156 Virtutum
1393 2036 1494 2160 hae*

317 2200 563 2346 raedibus,
587 2199 689 2327 lrac
712 2193 817 2365 ipsa
846 2195 915 2318 cle
958 2195 1247 2350 causatur,
1275 2199 1347 2324 sat
1377 2206 1498 2358 sci0,
1698 2233 1701 2242 ’

316 2367 481 2540 longe
522 2365 916 2536 acceptiffirnus.
981 2365 1182 2496 Restat
1208 2405 1271 2494 ut
1289 2377 1498 2496 veniam

319 2537 537 2706 supplex
580 2559 776 2705 petam,
816 2533 965 2702 ¹quod
1002 2581 1064 2660 ea
1105 2538 1280 2704 palam
1328 2539 1502 2666 dicere

183 2775 184 2778 ¹
321 2707 466 2834 aulus
488 2703 679 2831 fuerim
720 2749 838 2873 quae
870 2703 967 2832 Tu
1003 2711 1058 2828 in
1079 2705 1323 2835 Ecclefiae
1360 2755 1503 2836 conr·

323 2873 545 3006 modum
585 2878 792 3002 {ecreto
849 2875 1120 3002 raelliteris.
1185 2873 1315 3004 Feci
1370 2879 1508 3005 certe

324 3044 470 3208 nullo
506 3043 761 3172 adulandi
792 2921 1004 3172 lindio:
1049 3042 1136 3171 sed
1172 3059 1303 3218 quia
1338 3047 1505 3175 visum

326 3217 399 3340 est
443 3213 631 3366 Tuam
655 3212 1104 3342 ¹Munilicentiam
1145 3224 1200 3342 in
1256 3219 1547 3344 honorem

328 3377 672 3516 Reformatae
691 3381 997 3551 Religionis
1035 3381 1218 3512 cedere
1252 3387 1411 3560 polle,
1455 3399 1511 3510 ὃ(

329 3592 390 3678 ut
409 3551 521 3678 aliis
555 3553 801 3680 omnibus
841 3553 1036 3722 quibus
1077 3551 1359 3684 facultates
1397 3557 1513 3728 sup
1690 3609 1699 3729 ².

155 3831 170 3854 .,
329 3757 521 3890 petunt
555 3723 855 3854 rariffiruutn
899 3723 1214 3894 exemplum.
1256 3773 1514 3900 propone·
1706 3856 1708 3859 ,

329 3937 440 4018 rern
468 3892 786 4024 imitandum
871 3889 1117 4066 Ignoscas
1136 3899 1264 4024 milri
1307 3895 1555 4069 insuper-

917 4121 923 4126 ·
1280 4063 1522 4235 obsecre,
