3400 4566
236 145 364 300 '252
474 165 697 330 ortega
717 141 1373 327 narmejrsqua'nrrgama.

194 453 195 456 a
262 382 398 490 tingat,
416 406 505 461 non
527 351 654 458 tamen
678 397 831 458 omnem
858 367 1012 481 prorsus
1045 398 1199 481 poenam
1225 369 1412 478 ejusmodi
1440 359 1510 456 cri·

264 489 364 575 mina
386 481 605 598 effugiunt3
632 482 908 592 adeoquenec
933 477 1066 564 deficit
1080 481 1274 590 obligatio
1296 483 1318 566 b
1339 479 1510 567 conside·

263 601 418 686 ratione
437 621 559 708 poenae
582 595 692 679 cettb
706 589 895 675 secuturae.
939 589 1035 674 Non
1050 587 1206 700 possunt
1221 597 1321 675 enim
1336 592 1357 676 ὲ
1373 589 1510 678 scelere

263 709 398 794 divelli
419 709 561 818 gradus
587 701 711 812 aliqui
733 699 966 812 agritudinis
988 703 1123 800 animi,
1151 701 1173 782 b
1201 699 1381 785 conflibu
1397 703 1511 786 inter
1561 786 1563 789 ,
1685 759 1687 790 r

263 819 411 906 saniora
428 815 588 901 rationis
600 815 763 912 distata·
774 837 859 923 quae
871 807 1033 897 officium
1045 807 1215 913 suadent,
1231 818 1271 898 ὃ(
1284 815 1511 895 temerarios

266 930 353 1014 illos
372 932 538 1036 impetus
561 923 631 1036 qui
649 925 687 1006 in
708 922 849 1007 scelera
874 921 1050 1005 homines
1075 923 1243 1032 rapiunt,
1267 919 1510 1006 enascentese

266 1039 454 1122 accedunt
474 1038 591 1118 etiam
620 1029 777 1140 metus(
790 1035 863 1141 qui
888 1031 1106 1142 praesentem
1130 1025 1298 1113 afferunt
1314 1031 1512 1140 dolorem)

268 1149 428 1233 ultionis
447 1169 526 1228 tam
553 1143 847 1252 Divinaequim
870 1140 1060 1244 bumanae,
1086 1146 1128 1226 δι
1150 1139 1363 1249 propenfio
1378 1143 1426 1226 ad
1450 1171 1514 1222 ea·

267 1259 355 1340 dern
376 1259 550 1364 crimina,
568 1277 635 1338 aut
657 1251 771 1336 etiam
784 1251 1008 1338 deteriorar
1034 1277 1117 1362 quae
1128 1257 1221 1361 quia
1234 1275 1371 1333 mentis
1394 1252 1513 1336 sacul-

266 1388 366 1448 tates
381 1367 499 1476 ledit,
512 1363 602 1445 mihi
620 1367 720 1446 inter
744 1389 875 1474 poenaa
889 1389 1051 1472 quoque
1063 1364 1320 1446 enumeranda
1334 1360 1511 1445 videtur:

270 1475 352 1585 Ipsa
370 1479 485 1557 etiam
514 1473 711 1558 malitia&
733 1469 876 1557 invidia
888 1497 971 1580 quae
984 1472 1091 1557 ornni
1103 1471 1194 1578 juris
1207 1470 1324 1555 alieni
1334 1471 1514 1558 invasioni

267 1579 471 1670 intrinseca
505 1581 576 1684 est,
604 1607 771 1666 animum
801 1606 954 1663 omnem
980 1583 1212 1665 malevolum
1237 1583 1448 1666 necessarib
1470 1610 1513 1665 ac

264 1695 496 1802 naturaliter
523 1697 655 1800 angit5
683 1687 816 1802 susque
844 1689 948 1774 adeb
973 1691 1115 1774 veneni
1150 1715 1298 1800 partem
1338 1715 1511 1802 magnam

267 1802 443 1887 scelestus
471 1801 605 1886 'ebibi-t.

160 1924 161 1930 ‘
284 2009 287 2014 ¹
324 1911 624 2020 (2)·Poenarum
647 1911 797 1993 illarum
810 1937 892 2018 quae
916 1907 1138 2018 noncettb,
1163 1907 1226 1994 sed
1239 1903 1512 2019 contingenter

271 2025 313 2106 8(
344 2021 596 2130 probabiliter
617 2021 717 2104 astus
732 2022 851 2103 masor
865 2017 1045 2100 secuturae
1069 2021 1168 2119 sunt,
1194 2021 1449 2104 confiderario
1469 2021 1511 2107 8<

266 2133 468 2216 aestinratro
490 2128 700 2214 necessario
723 2131 893 2217 cohaeret
915 2155 1003 2210 curu
1027 2131 1216 2238 prudente
1243 2129 1513 2216 consideratio·

272 2269 322 2322 ne
344 2245 511 2336 asinum,
539 2269 638 2349 quos
671 2241 707 2320 in
740 2241 901 2321 aliorum
928 2265 1069 2323 noxam
1096 2240 1290 2350 quisptam
1317 2263 1515 2352 perpetra·

270 2371 385 2436 turus
404 2355 474 2449 est,
501 2371 566 2432 aut
582 2351 678 2432 olim
698 2371 990 2459 perpetraverit.
1025 2347 1137 2433 cum
1159 2373 1287 2433 autem
1313 2352 1401 2432 malr
1425 2353 1516 2434 cott-

269 2459 461 2570 tingeoter
483 2463 660 2543 eventnri
685 2457 903 2566 expebiatio
922 2453 1070 2540 ostensa
1095 2461 1138 2544 fit
1167 2459 1335 2569 superios
1363 2459 1515 2570 prasen-

271 2571 322 2654 tia
348 2570 508 2677 alicujus
539 2567 717 2678 certique
739 2567 827 2649 mali
846 2569 1026 2650 valorem
1055 2567 1213 2672 habere,
1236 2573 1413 2680 sequttur
1438 2597 1515 2652 ma·

270 2678 348 2760 lutu
363 2681 457 2762 illud
482 2677 611 2787 (quod
631 2680 673 2760 in
696 2701 899 2788 quantum,
921 2677 1091 2761 Resiore
1110 2681 1241 2764 saltem
1256 2678 1514 2788 approbante,

152 2799 156 2808 '
273 2787 407 2872 inserti
434 2785 562 2896 possit,
594 2813 715 2895 poenae
738 2789 928 2869 rationem
954 2783 1085 2894 subit)
1108 2815 1368 2895 argumentum
1394 2787 1516 2874 esse'a

272 2891 1518 3007 sammoResioredatumsubditissuis,quosuadeatfnepropter

273 3008 380 3114 spem
392 3075 396 3080 .
410 3007 604 3090 commodi
618 3031 667 3086 ex
680 3005 808 3088 alieno
827 3009 928 3090 malo
944 3010 1183 3118 proventuri,
1198 3013 1236 3093 se
1252 3013 1291 3092 in
1304 3011 1515 3118 periculum

273 3138 420 3199 tantum
445 3115 655 3220 conjiciant
670 3145 686 3214 3
713 3115 896 3226 adeoque
916 3141 1055 3198 certam
1071 3117 1211 3200 habere
1223 3120 1421 3226 obligandi
1437 3119 1515 3199 vitu

267 3226 379 3333 apud
392 3237 526 3310 omn'es
548 3255 614 3310 eos
628 3231 698 3336 qui
717 3233 848 3312 omnia
872 3225 943 3309 suae
956 3225 1145 3311 soelicitati
1158 3233 1411 3338 repugnantia
1427 3251 1515 3311 cum

275 3337 445 3419 Ratione
464 3337 702 3442 expendunt.

162 3525 167 3537 ,
272 3487 281 3492 -
318 3445 621 3554 Consequentia
653 3444 793 3528 haecex
816 3441 1088 3554 iisquaepaulb
1109 3443 1519 3531 antbtradidimusde

262 3551 690 3660 naturaObligationis
714 3553 953 3662 satispatet3
979 3555 1071 3636 illud
1096 3584 1193 3640 nunc
1205 3556 1372 3640 breviter
1389 3557 1520 3640 osten·

274 3661 443 3748 dendum
456 3663 528 3764 est,
545 3659 902 3750 considerationem
915 3665 1063 3750 asinum
1078 3666 1328 3750 bumanorum
1339 3667 1424 3749 aliis
1437 3667 1519 3749 tta-

275 3771 480 3861 tionalibus
504 3773 706 3856 noxiorum
729 3771 937 3858 necessario
949 3797 1114 3858 mentem
1129 3778 1294 3861 hominis
1317 3777 1519 3864 deduce-re

276 3885 319 3966 io
347 3885 626 3989 cogitationem
645 3882 807 3991 ingentis
827 3887 1001 3996 periculi,
1027 3885 1050 3969 a
1072 3915 1186 3994 poena
1207 3915 1323 3996 quam
1347 3881 1522 3994 gravini-

277 4017 347 4074 mae
374 4013 533 4076 monent
555 3993 674 4090 cause
696 3995 940 4078 metuendam
951 3995 1048 4095 esse,⁴
1067 3993 1133 4078 etii
1144 3997 1282 4084 exinde
1293 3999 1389 4107 quid
1400 4025 1523 4081 even-

275 4099 461 4185 turumfit
482 4101 594 4186 certb
616 4099 820 4210 praedicere
841 4131 919 4206 non
944 4103 1166 4217 possumusr
1189 4105 1229 4191 id
1254 4133 1382 4194 autem
1397 4103 1543 4191 exhie-

193 4247 197 4254 ·
277 4232 360 4310 quae
373 4207 580 4320 sequuntur
590 4212 802 4297 luculenter
813 4234 934 4326 patet.
1003 4307 1005 4312 ,
1234 4223 1240 4233 '
1459 4218 1524 4298 In·
