3384 4578
510 226 514 237 .
598 175 712 279 aar
760 175 961 291 ratane:
1049 225 1053 236 ·
1349 181 1406 288 at

156 336 476 452 subordinatione
498 353 593 422 nota
614 337 818 444 postratum
845 335 1052 448 providere
1068 334 1199 436 valet3
1224 355 1309 450 quae
1325 345 1407 428 am·

162 455 216 558 bo
235 449 443 544 suadebunt
460 470 502 532 ut
526 448 700 530 homines
727 450 765 532 in
799 447 1155 534 subordinationem
1178 449 1405 560 amplillitnae

160 560 347 648 societatis
370 555 469 670 (qus
484 587 615 641 omnes
626 562 735 642 velut
760 562 799 644 in
822 560 996 644 Civitate
1014 558 1097 640 Dei
1113 559 1406 670 contineantur)

161 671 198 756 se
222 673 387 756 tradant.
444 667 514 776 (5)
530 667 589 748 Ex
613 668 670 750 his
700 670 871 780 sequitur
906 668 1088 752 eximium
1112 668 1206 752 illud
1232 667 1404 755 humanae

160 786 298 865 mentis
322 777 564 890 privilegium
590 805 806 886 magnarum
828 780 966 862 virium
993 779 1042 860 ad
1070 778 1168 859 hanc
1185 775 1403 862 societatem

159 891 454 988 conciliandam,
465 886 852 1000 conservandamque,
864 915 1001 995 nempe
1017 889 1075 970 vis
1090 887 1238 968 Animae
1251 891 1298 968 ad
1311 887 1405 972 affe·

160 1005 241 1086 slus
268 999 507 1096 excitandos,
528 995 1034 1109 fistendos,m0de1and6sqr
1049 1005 1090 1084 8(
1107 997 1155 1079 ad
1179 1025 1247 1079 eos
1272 1000 1307 1080 in
1324 1029 1404 1082 rna·

158 1111 252 1219 jonis
266 1109 361 1193 boni
374 1114 597 1218 appetitum,
612 1109 746 1216 maliq5
766 1109 893 1216 fugam
904 1109 1142 1216 dirigendos,
1162 1108 1279 1216 quim
1293 1109 1401 1218 quod

159 1221 264 1304 cadit
285 1218 350 1302 sub
376 1220 638 1326 cognitionem
665 1222 833 1324 cujusvis
853 1219 1009 1302 alterius
1032 1217 1232 1312 animalis3
1260 1219 1402 1329 quoni·

158 1357 224 1414 am
240 1337 280 1416 8(
303 1331 412 1436 plura
436 1335 476 1412 8(
500 1328 726 1410 universalia
741 1330 857 1427 bona,
881 1325 1061 1438 eortimqs
1082 1325 1255 1426 summas,
1279 1335 1321 1414 8(
1343 1327 1400 1410 se-

158 1448 234 1526 ries
253 1439 444 1522 ordinatas
467 1438 654 1544 capimus,
678 1435 929 1550 sentimtisque
945 1466 1015 1520 nos
1037 1435 1146 1546 polle
1162 1437 1329 1518 animum
1343 1437 1411 1520 di·v

157 1573 317 1634 vertere
337 1546 686 1656 &cogitationibus
703 1554 744 1632 8(
768 1544 1059 1658 affeslibusquae
1073 1547 1202 1630 nostra
1216 1545 1398 1654 privatim

158 1657 359 1749 commoda
372 1659 551 1767 speslant,
575 1657 770 1771 eosdqut
790 1659 1047 1742 determinare
1061 1655 1108 1737 ad
1129 1654 1276 1766 publici
1304 1657 1398 1742 boni

157 1797 303 1876 cutam,
323 1769 361 1850 in
376 1794 458 1876 quo
469 1768 624 1851 libertas
639 1771 793 1852 eminet.
826 1765 1117 1851 Controverfias
1136 1768 1185 1849 de
1201 1765 1400 1850 Libertate

158 1879 208 1960 ab
234 1879 313 1959 aliis
337 1881 582 1985 pertractatas
605 1906 682 1960 non
708 1881 903 1984 attingam.
945 1881 1069 1960 Extra
1093 1874 1399 1972 controversiam

157 1987 196 2069 id
217 1987 369 2070 videtur
391 1984 554 2092 positum
568 1984 660 2082 elle,
682 1983 850 2070 hominis
870 1985 1058 2064 Naturam
1071 1983 1146 2064 hoc
1160 1989 1200 2066 in
1223 1986 1261 2066 se
1275 1985 1401 2086 invol-

155 2125 249 2180 vere
271 2096 480 2200 libertatis,
500 2113 543 2176 ut
566 2091 614 2174 ad
629 2092 720 2175 nihil
746 2093 816 2198 (in
838 2090 1048 2174 allionibus
1069 2089 1247 2190 externis,
1269 2093 1400 2202 quoles

153 2207 241 2292 sunt
257 2201 634 2302 contractumque]
665 2201 927 2300 ,observatio
951 2205 993 2288 8(
1015 2199 1201 2308 violatio)
1216 2199 1400 2286 determi-

155 2337 287 2415 netur,
311 2309 379 2394 nist
396 2313 619 2396 interventu
633 2231 682 2396 sui
702 2310 850 2417 judicii,
864 2313 900 2398 in
922 2338 1006 2422 quo
1027 2308 1190 2394 ferendo
1203 2337 1398 2398 convoca·

155 2452 245 2529 care
269 2417 383 2532 pollit
406 2421 547 2506 auxilia
567 2449 647 2504 non
672 2419 843 2504 sensuum
867 2421 1003 2520 modo,
1032 2419 1096 2502 sed
1112 2423 1152 2501 8(
1181 2421 1398 2525 Memoriae,

154 2530 336 2642 adeoque
350 2533 585 2641 expendere,
595 2531 760 2616 hoccine
781 2531 889 2642 quod
910 2529 1076 2614 facturus
1089 2525 1169 2610 sum
1189 2536 1398 2614 conveniet

154 2669 244 2725 cum
267 2641 372 2724 bono
384 2641 556 2754 publico,
570 2640 679 2751 quod
700 2639 768 2727 nili
781 2646 920 2724 sartum
933 2639 1075 2722 tectum
1093 2633 1151 2735 stt,
1177 2635 1279 2722 bona
1305 2667 1404 2746 pro·.

154 2751 243 2864 pria
271 2749 369 2832 salva
393 2749 469 2834 else
497 2751 713 2861 nequiunt?
756 2749 934 2834 Hoccine
955 2741 1139 2832 consentit
1164 2775 1250 2830 curn
1273 2747 1398 2834 solidis

155 2861 344 2946 virtutum
376 2859 641 2961 incitamentis,
653 2865 746 2945 dte.>
785 2858 1003 2941 Observavi
1036 2861 1139 2942 enim
1161 2859 1277 2942 etiam
1291 2861 1396 2944 illam

156 2996 272 3082 quam
297 2965 476 3052 Hobbius
494 2971 660 3055 instituit
678 2969 870 3054 vPolitiam
893 2968 966 3052 hoc
989 2967 1222 3078 postulatum
1239 2997 1311 3054 nec
1326 2972 1398 3052 im·

156 3077 297 3165 meritd
322 3079 556 3190 supponere,
581 3076 689 3188 polle
713 3079 888 3162 homines
910 3077 1009 3160 inter
1035 3073 1074 3160 se
1094 3079 1308 3162 convenire
1334 3075 1398 3160 seu

157 3187 292 3301 pacisci
312 3187 366 3271 de
387 3185 656 3272 transferendis
669 3181 739 3272 luis
762 3187 908 3294 juribus
930 3191 970 3270 in
986 3186 1097 3271 aliam
1122 3185 1320 3294 personam
1347 3187 1398 3270 ad

158 3325 363 3382 commune
400 3296 544 3379 bonum
574 3313 658 3405 cap.
675 3320 712 3401 5.
744 3299 783 3396 s.
798 3301 837 3383 6.
863 3297 908 3380 de
927 3307 1046 3393 Cives
1068 3319 1284 3406 quanquam
1306 3293 1399 3378 alibi

158 3439 225 3493 eos
239 3409 332 3492 nihil
345 3429 482 3518 praeter
494 3405 717 3490 bonumsrbi
737 3411 907 3518 spedare
918 3402 1026 3516 polle
1046 3404 1267 3490 contendat.
1294 3403 1396 3488 Ctim

156 3541 286 3600 autem
311 3515 354 3598 fit
377 3516 419 3600 in
439 3515 659 3600 hominibus
682 3519 909 3601 naturaliter
927 3540 1005 3598 tam
1028 3516 1153 3626 ampla
1180 3513 1396 3624 nobilisque

155 3625 314 3711 facultas
334 3623 591 3736 quaespedlare
610 3619 722 3736 poffit
738 3632 779 3710 8(
791 3625 992 3736 complesti
1004 3623 1137 3734 ingens
1160 3623 1256 3708 illud
1275 3629 1397 3710 maxi·

157 3735 341 3848 mrimque
370 3737 538 3818 omnium
562 3735 804 3820 rationalium
832 3734 1071 3840 conjunctum
1098 3734 1256 3836 bonum,
1283 3733 1398 3820 facile

157 3843 346 3952 judicabit
360 3840 499 3929 testor
518 3873 651 3929 annon
676 3845 718 3928 in
744 3846 827 3951 ejus
851 3869 1043 3954 perpetuo
1057 3845 1197 3954 vigore
1219 3852 1261 3931 8(
1283 3872 1400 3928 exer·

160 3953 251 4038 citio
270 3953 408 4038 summa
432 3953 595 4058 cujusvis
632 3955 838 4037 beatitudo
865 3951 1051 4038 consistat.
1094 3954 1321 4040 Distinblam
1345 3950 1396 4030 ab

158 4063 367 4150 intellectas
392 4063 433 4148 &
456 4065 664 4154 voluntatis
690 4063 835 4152 viribus
860 4063 1084 4262 fficultatem
1106 4066 1204 4154 hanc
1225 4059 1303 4148 etse
1317 4079 1398 4245 aqu

495 4224 498 4232 .
1308 4191 1354 4245 ω
1383 4201 1400 4222 .
