3400 4566
248 177 252 182 .
298 90 689 236 DelegeNatura
716 93 886 239 tjisque
912 91 1181 238 obligatione.
1321 119 1417 253 ‘2'97

168 267 396 382 invenerat)
413 299 500 383 qua
517 271 538 356 ὲ
554 269 780 382 porcorum
794 270 1001 380 polttione,
1015 299 1083 359 aut
1097 281 1118 364 a
1133 260 1411 394 fimpliciffima.

166 407 246 464 rum
259 383 446 466 linearum
460 383 575 466 ductu
605 383 788 493 imprimis
810 380 1018 468 cautiffimb
1046 392 1205 495 peracto
1230 419 1296 479 aut
1324 398 1409 510 sup·

163 489 499 601 pofit02'notisque
512 491 824 602 proprietatibus,
838 517 889 574 ex
904 492 1069 600 ipsarum
1081 500 1201 583 veluti
1214 507 1407 595 caularum
1493 533 1500 548 ·

17 675 18 680 a
160 602 295 684 natutd
324 597 548 705 fluentibus,
581 595 708 686 effedi
727 600 871 711 quanti
892 624 1069 690 naturam
1093 613 1244 719 penitus
1275 617 1406 703 derer-
1495 599 1503 622 ⁸

17 759 18 796 r
158 713 291 795 minat.
333 711 452 794 Facili
465 711 495 821 s
496 703 520 794 fi
546 711 789 824 placet)rem
805 714 920 803 buda
944 713 1403 814 adumbremusGeome·

17 853 18 896 ;
156 821 277 906 trica:
303 819 497 905 Observat
541 819 852 932 uispiamadusus
868 819 1209 914 suosncccss'ariam
1226 833 1400 923 elseMc·
1539 918 1542 924 .

64 1033 68 1046 ⁸
154 929 258 1015 diam
268 851 598 1044 proportionalem
614 933 713 1015 inter
726 932 821 1015 duas
838 931 955 1017 linear
968 935 1075 1018 datas
1090 943 1399 1048 reperireemox

17 1043 19 1140 l
152 1044 360 1154 analytice·
377 1045 577 1150 inquirens
597 1032 724 1125 causas
747 1041 888 1154 quibus
910 1069 955 1127 ea
975 1044 1224 1134 determinati
1250 1057 1394 1168 potest,

149 1154 340 1266 comperit
351 1148 572 1260 Peripherid
583 1151 729 1250 circuli,
739 1151 847 1255 cuius
857 1152 1100 1240 diametersrt
1113 1159 1286 1248 datarum
1300 1165 1393 1250 line·

16 1293 17 1302 ¹
149 1289 257 1348 arum
268 1267 423 1364 summa,
438 1287 520 1344 rem
531 1258 1020 1372 commodiffimeexpediri
1040 1265 1177 1378 polle3
1205 1275 1391 1364 videssu.

144 1373 237 1472 clid.
269 1377 309 1456 6.
328 1397 425 1486 prop.
447 1393 512 1478 13·
556 1373 617 1453 En
647 1369 749 1455 aliud
772 1371 851 1479 jam
876 1401 989 1483 opus,
1017 1381 1241 1489 &quidem
1267 1389 1388 1496 majus

16 1535 17 1538 κ
144 1486 265 1595 'quim
298 1483 430 1567 dudio
457 1483 572 1566 unius
600 1483 724 1590 reue,
751 1482 890 1591 Media
927 1509 1066 1612 nempe
1086 1495 1387 1601 proportionalis
1523 1547 1527 1556 ·
1597 1541 1603 1550 ·

143 1597 220 1786 gub
243 1591 380 1694 caruit,
407 1595 627 1676 Geomettae
651 1591 770 1676 nostri
801 1593 1101 1702 cogitationibus
1137 1609 1382 1715 proponitur,

181 1702 424 1791 onneltendae
447 1702 535 1786 sunt
545 1705 646 1786 inter
669 1700 707 1786 se
725 1700 812 1784 duae
833 1703 943 1804 datae,
957 1708 999 1788 bc
1024 1706 1298 1800 inveniendum
1327 1717 1383 1799 est

138 1817 323 1925 punitum
353 1811 523 1895 medium
546 1815 587 1896 in
612 1811 715 1896 linea
741 1837 790 1894 ex
810 1813 990 1926 'utrisque
1014 1817 1234 1906 constituta.
1291 1827 1382 1911 Hoc

135 1947 288 2027 centro,
317 1931 361 2010 bt
386 1923 810 2008 intervalioittermino
832 1923 1022 2008 alterutro
1035 1926 1139 2011 linea
1152 1931 1274 2014 modb
1286 1962 1380 2020 con·

56 2059 60 2065 ·
135 2035 275 2120 stitutae
297 2029 498 2142 desumpto
517 2031 799 2117 scribendusest
825 2034 1004 2134 circulus,
1026 2035 1176 2146 aurius
1198 2045 1379 2156 periphe.

132 2150 192 2229 ria
217 2141 542 2259 perpendicularis
567 2141 782 2228 demiffnin
804 2143 983 2252 punctum
1007 2150 1267 2235 connectionis
1291 2183 1376 2240 rem

131 2255 332 2366 expediet.
390 2253 640 2362 Perspicuum
662 2249 769 2337 estin
792 2253 1071 2359 constmliione
1088 2257 1175 2369 bac,
1187 2264 1375 2350 methodo

129 2367 257 2450 locum
282 2361 360 2451 elie
385 2363 629 2473 syntheticae3
666 2367 708 2447 dt
733 2365 950 2448 Geometrae
977 2363 1096 2451 moliri
1118 2375 1372 2476 operationes

128 2505 209 2562 non
230 2475 341 2586 dirigi
352 2471 469 2557 solbm
483 2501 553 2583 per
578 2471 1213 2589 respedumadrediaeilliusquam
1224 2479 1370 2566 defide-

125 2611 186 2672 tat
198 2585 490 2695 longitudinem,
516 2581 582 2670 sed
606 2587 647 2668 &
660 2609 730 2692 per
752 2581 1095 2670 confideretionem
1114 2609 1254 2674 aarum
1279 2619 1369 2680 cen.

123 2701 194 2802 tri,
221 2697 415 2796 diametri,
430 2695 580 2794 circuli,
595 2691 636 2776 8<
656 2693 1366 2806 perpendicularisinpundutndatum

122 2805 392 2892 demittenda:
438 2830 487 2887 ex
510 2805 645 2888 hatum
687 2809 788 2888 enim
815 2804 962 2888 naturis
980 2805 1049 2894 seu
1075 2805 1366 2902 definitionibus

72 2933 78 2944 ‘
121 2945 166 3000 ac
189 2914 442 3001 relationibus
460 2915 597 3000 mutuis
623 2941 788 3022 praxeos
809 2913 867 2996 vis
892 2914 941 2998 ad
963 2917 1216 3004 obtinendum
1248 2922 1362 3011 finem

118 3019 658 3139 requifitumdemoitftratur3
685 3022 970 3135 immbinsuper
999 3053 1052 3112 ex
1074 3027 1134 3112 his
1159 3027 1361 3137 probatur,

117 3135 617 3222 eandemconsttullionem
646 3134 913 3218 nonadunius
926 3135 1082 3244 hujusce
1093 3137 1198 3221 lineae
1209 3138 1359 3226 eornm

115 3245 477 3332 determinationem
498 3241 679 3346 sufficere,
706 3245 768 3329 sed
794 3247 835 3329 dt
862 3245 910 3329 ad
936 3249 1150 3332 innumeras
1173 3245 1359 3355 ejusmodi

111 3359 208 3442 alias
230 3359 390 3444 aliorum
402 3355 508 3441 forte
528 3353 654 3439 ufibus
674 3354 1029 3462 accommodandae.
1086 3361 1285 3463 Quoniam
1310 3387 1357 3444 ea

108 3468 299 3553 diameter
319 3467 443 3552 dividi
467 3464 593 3576 potest
618 3462 656 3548 in
682 3467 822 3578 quovit
843 3465 900 3550 sui
925 3467 1068 3577 pundo
1087 3469 1127 3551 'tn
1143 3469 1237 3554 duas
1252 3467 1356 3555 ’alias

105 3579 230 3663 lineas
254 3579 381 3678 redas,
393 3577 574 3688 idemque
588 3576 748 3660 circulus
773 3575 932 3660 mediam
946 3579 1278 3690 proportionalem
1294 3581 1355 3662 in·-

107 3712 170 3772 ter
194 3691 275 3774 illas
308 3689 484 3798 exhibet,
505 3689 616 3772 alteri
638 3685 759 3794 forte,
781 3709 847 3769 aut
870 3684 953 3796 ipfi,
976 3689 1045 3772 stra
1068 3687 1353 3774 occafioneuti·

104 3799 183 3880 lem
210 3799 394 3886 suturam.
449 3800 570 3884 Parili
591 3797 681 3882 stne
703 3791 966 3905 modofirrgnli
982 3797 1267 3901 homines,dum
1280 3801 1352 3887 suae

101 3909 295 3994 foelicitati
323 3907 548 3994 naturaliter
571 3905 822 4019 prospiciunt,
841 3908 1085 4018 comperiunt
1105 3911 1350 4021 quaerendam

103 4017 181 4102 elie
207 4018 414 4106 mensurant
428 4019 617 4132 quandam
631 4019 840 4235 bonpprm
858 4017 1136 4107 necelbtatibut
1162 4017 1231 4104 suis
1255 4019 1348 4126 pto*

789 4157 817 4240 q
1148 4163 1150 4168 ·
1257 4151 1350 4233 pro·
