3392 4572
559 129 771 230 Virtutum
799 131 1046 240 toralium.
1139 64 1142 73 Ι
1250 205 1253 212 2
1321 171 1420 280 349

176 290 447 410 adeoqueline
464 297 619 409 sperato
633 298 831 402 excidere,
851 301 961 412 quod
984 297 1206 410 contingere
1227 309 1364 412 nequit
1391 305 1421 388 li

87 447 89 450 ·
174 411 266 494 sorti
291 437 351 492 res
371 407 658 494 committatur:
687 409 809 510 Qrod
822 409 953 494 obiter
974 411 1202 496 monendum
1226 413 1418 515 censui,ut

174 517 322 603 causam
345 519 557 603 videremur
569 545 636 602 cur
649 521 965 628 acquiescendum
993 517 1035 602 fit
1058 521 1095 606 in
1117 520 1416 632 modis'quibus·

171 629 334 712 damres
359 632 401 712 &
430 625 555 712 officia
582 626 850 730 distribuendi,
877 629 1064 740 quisortir
1090 652 1265 716 naturam
1295 631 1416 743 magle

170 739 291 866 quim
305 741 504 826 rationalis
513 737 710 824 eledionis
722 740 889 850 sepiunt,
898 743 1036 851 quales
1054 736 1150 844 sunt,
1176 763 1316 854 preter
1336 743 1415 831 sor·

169 853 364 948 titionem,
380 848 749 960 primogenitura,&
761 850 866 960 prior
886 850 1109 960 occupatio.

223 957 371 1042 Verdm
392 955 527 1042 erdem
554 957 705 1041 ratio&
719 959 804 1042 Lex
830 982 1082 1070 neturaequae,
1104 961 1154 1046 ad
1176 989 1414 1074 promoven·

170 1070 258 1155 dam
280 1093 524 1152 communem
536 1065 787 1169 soelicitarem,
814 1070 926 1175 jubet
942 1068 1061 1152 divisa
1080 1075 1120 1153 in
1142 1099 1201 1156 rer
1224 1077 1266 1157 dt
1281 1071 1415 1182 perso·

168 1207 236 1268 nas
256 1176 423 1264 dominia
445 1177 694 1278 constituere,
720 1179 833 1286 jubet
852 1181 965 1264 eriam
978 1177 1193 1264 evidenciis
1211 1213 1256 1266 ea
1279 1173 1414 1292 (poli-

166 1317 283 1403 qurm
304 1293 380 1396 jam
403 1288 611 1372 constituta
634 1287 734 1388 sunt,
758 1293 801 1372 &
823 1289 1061 1398 experientid
1081 1289 1332 1398 comprobata
1362 1292 1413 1379 ad

165 1399 269 1486 hunc
290 1397 402 1484 finem
425 1395 612 1507 sufficere)
640 1398 825 1482 inviolata
847 1401 1039 1484 servares
1067 1399 1313 1484 Manifestum
1340 1420 1412 1484 atr·

164 1531 246 1595 tem
276 1506 331 1592 est
355 1535 437 1592 earn
464 1505 688 1593 divifionern
721 1508 978 1596 dominiorum
1005 1536 1120 1621 quarn
1146 1513 1410 1622 reperimurd

22 1641 25 1650 ⁴
164 1619 377 1728 majoribus
393 1619 546 1716 radam,
561 1625 602 1704 8<
622 1617 822 1720 consensu,
833 1642 898 1704 aut
921 1619 1287 1728 permilluornnium
1300 1623 1410 1708 Gen·

163 1731 275 1830 tium,
305 1725 597 1839 Civitattimque
633 1725 833 1812 stabilitam
873 1725 1063 1814 suffecisse
1084 1728 1133 1814 ad
1161 1725 1415 1842 fingulorum,

30 1895 36 1900 -
161 1839 233 1951 qui
256 1866 358 1924 nunc
370 1835 470 1938 sunt,
493 1839 819 1948 procreationem,
839 1845 884 1927 ὃς
913 1839 1257 1940 conservationem,
1291 1846 1334 1926 8(
1357 1841 1408 1922 ad

161 1949 438 2035 atseeutionem
453 1969 566 2031 tanrae
588 1948 995 2060 foelicitatirquantem
1012 1949 1183 2032 videmus
1195 1948 1402 2034 humanum

160 2054 629 2168 genusjnuncpoffideret
658 2079 775 2168 atque
798 2057 966 2171 insuper,
994 2061 1078 2166 ejus
1101 2057 1248 2143 virtute
1258 2087 1305 2141 ea
1314 2057 1405 2142 dari

158 2171 265 2254 inter
288 2167 459 2253 homines
479 2169 728 2270 commercia,
750 2167 894 2279 eisque
916 2174 1044 2254 mutui
1069 2169 1199 2252 auxilii
1213 2190 1405 2278 opportu-

158 2283 299 2364 nitates
323 2277 345 2362 ὲ
365 2279 509 2390 quibus
528 2279 576 2361 ad
600 2278 768 2386 majores
791 2276 993 2366 foelicitatis
1014 2279 1153 2390 gradus
1166 2301 1246 2362 tarn
1262 2282 1304 2363 in
1329 2277 1412 2372 hac

157 2389 240 2471 vita
251 2389 370 2498 quim
386 2391 426 2473 in
438 2386 586 2490 futura,
598 2415 732 2474 omnes
743 2387 885 2500 pollint
896 2385 1102 2500 affurgere.
1159 2387 1404 2474 Manifestum

156 2523 343 2606 praeterea
371 2499 427 2584 est
454 2498 694 2584 foelicitatem
718 2499 816 2586 hanc
838 2501 916 2612 qui
938 2501 1070 2583 exhac
1094 2497 1280 2582 divisione
1303 2496 1401 2582 stui-

155 2631 257 2708 mur,
284 2613 327 2696 dr
359 2635 476 2723 quarn
506 2609 652 2694 exinde
676 2637 763 2693 cum
790 2611 932 2696 summa
957 2613 1110 2692 ratione
1135 2608 1401 2800 exffedlamnr„

153 2723 341 2826 majorem
368 2717 1179 2833 effequirmprudensquispiamsperarepo
1210 2741 1238 2799 rt
1258 2715 1401 2802 scaffe-

153 2849 337 2915 cuturum
362 2829 441 2912 elle
477 2827 675 2930 violando,
701 2837 743 2917 8<
772 2829 990 2918 evertendo
1011 2835 1141 2915 omnia
1174 2825 1303 2912 divine
1328 2826 1400 2910 hu·

153 2943 344 3052 manrique
368 2939 452 3045 jura
475 2965 558 3050 quae
569 2967 671 3024 nnnc
682 2938 846 3024 stabilita
858 2942 1131 3051 reperimur&
1145 2937 1327 3022 conando
1337 2943 1399 3022 in·

151 3051 362 3134 rroducere
389 3055 534 3134 novem·
557 3047 816 3136 dominiorum
847 3053 1018 3138 omniurn
1051 3043 1397 3172 divisionemque

152 3157 322 3264 quusvis
346 3159 490 3266 judicio
511 3179 577 3240 aut
602 3153 801 3242 afferimus
823 3158 944 3270 maglo
962 3157 1164 3242 arrideret.
1231 3150 1396 3240 Notrffi·

151 3291 254 3353 mum
287 3273 390 3355 enim
410 3267 464 3354 est
475 3267 552 3354 hoc
564 3295 663 3378 opus
675 3267 751 3353 elle
772 3275 893 3379 majus
905 3269 1023 3381 quim
1033 3291 1078 3352 ut
1094 3261 1207 3376 poffit
1229 3265 1395 3372 intelligi

151 3377 176 3463 ir
203 3386 343 3490 quovis
361 3377 532 3480 homine,
542 3401 608 3462 aut
631 3377 831 3464 hominurn
856 3401 974 3480 coetu,
997 3400 1117 3490 atque
1139 3379 1256 3464 etiarn
1280 3373 1396 3460 facile

149 3485 207 3572 est
226 3490 440 3600 providere
462 3509 542 3572 tarn
569 3487 739 3573 diversas
760 3487 845 3574 fore
865 3511 929 3575 tot
947 3489 1148 3576 hominum
1173 3488 1245 3570 hac
1268 3481 1320 3568 de
1346 3509 1392 3568 re

148 3593 363 3702 sententies,
388 3619 432 3683 ut
456 3597 565 3682 bellis
589 3599 797 3684 &miseriis
812 3602 942 3684 omnia
952 3599 1077 3686 statim
1088 3599 1391 3710 complerentur.

53 3803 55 3806 v
148 3709 401 3821 Qmpropter
426 3707 602 3816 iniustum
627 3707 682 3790 est
693 3705 808 3820 (qula
818 3709 907 3794 huic
917 3711 1092 3820 legicum
1104 3709 1214 3793 bono
1235 3705 1398 3818 publico

147 3817 450 3922 conjundiffimae
480 3817 729 3926 adversatur)
742 3819 950 3904 innovandi
966 3817 1140 3917 studium,
1162 3815 1327 3903 inrebus
1341 3813 1391 3895 nd

146 3925 358 4013 dominium
371 3925 666 4054 pertinentibus.
703 3925 880 4040 Ideoque
892 3957 971 4016 non
982 3932 1228 4015 tantirnrcurn
1241 3927 1389 4009 Grotio

145 4037 353 4128 exosculor
375 4037 469 4125 rllud
489 4035 806 4227 Thucidtdisssre
825 4040 943 4132 idiad
969 4070 1006 4120 nr
1025 4042 1108 4138 xlm
1124 4041 1172 4115 τῆς
1191 4044 1321 4215 atrro}
1329 4035 1389 4103 etr·

784 4171 862 4258 lt
1321 4168 1392 4227 *μ’
