3384 4578
550 131 613 266 De
641 131 820 236 Natura
852 139 1019 240 Rerum.
1135 149 1139 156 ’
1359 168 1392 258 6
1401 203 1430 262 a

182 303 335 406 summa,
359 305 435 416 qul
464 301 589 418 potui,
621 302 817 412 diligentia
848 311 1102 417 comparanti,
1123 333 1206 396 tum
1227 339 1401 428 quatenu

182 419 372 500 naturales
394 414 479 499 sunt
503 435 632 499 motus
656 411 706 495 ab
719 417 880 526 impulsu
908 445 1035 502 rerum
1048 442 1308 528 externarum,
1334 431 1375 511 8<
1401 425 1428 509 a

179 527 514 637 constitutioneac
529 523 671 608 fabrici
685 523 837 610 humani
849 527 1020 638 corporis
1035 529 1310 642 aliquantisper
1324 565 1418 644 peu·

177 637 327 737 dentes,
353 659 434 718 tum
449 632 692 740 verd,longe
708 636 842 744 magis,
868 639 1090 748 quatenusa
1120 644 1271 726 ratione
1291 645 1428 728 sutura·

176 775 248 854 per
267 768 388 830 totam
410 741 573 826 hominis
584 743 823 828 durationem
851 746 1103 857 prospiciente
1119 757 1326 837 cientur&
1350 747 1446 864 gu·‘

176 857 404 954 bernantur,
417 851 553 937 fortius
568 852 747 936 videntur
760 856 1017 940 universalem
1031 859 1363 966 Benevolentiam,
1375 871 1418 950 8<

173 995 327 1078 pacem,
352 993 433 1073 quae
451 987 500 1042 ex
514 963 811 1049 illiusexercitio
827 963 964 1074 sperari
978 963 1105 1077 poffit,
1116 967 1287 1073 suadere,
1299 974 1424 1085 quant¹

172 1078 324 1159 Bellum
340 1073 432 1156 illud
459 1073 499 1153 in
522 1071 813 1184 omnea,inquo
837 1077 998 1160 Hobbio
1023 1075 1416 1184 fatente,estviolen·

172 1207 223 1269 tae
255 1186 386 1269 mortis
399 1182 608 1294 periculum
630 1209 874 1290 perpetuum,
897 1188 1240 1298 uitaqttesolitaria,
1265 1191 1411 1302 indiga,

171 1296 304 1395 bruta,
329 1302 370 1380 ὃ(
388 1292 529 1392 brevis,
551 1289 699 1402 ade6q3
728 1292 766 1376 in
788 1325 871 1408 quo
901 1297 1003 1382 nulla
1029 1295 1121 1382 salus
1146 1327 1233 1384 cum
1260 1305 1413 1387 tatione

167 1405 359 1514 speretur.
1047 1421 1056 1442 ·

223 1527 265 1614 q.
301 1513 489 1594 XXXIII.
530 1508 625 1592 illud
658 1515 812 1596 unicum
836 1513 942 1625 quod
971 1515 1012 1598 in
1036 1516 1107 1602 hac
1130 1517 1414 1606 deliberatione

167 1623 428 1706 difficultatem
451 1622 617 1733 aliquam
648 1647 722 1730 prae
736 1619 772 1704 se
793 1623 907 1724 ferat,
921 1624 996 1708 hoc
1011 1626 1084 1736 est,
1106 1628 1213 1740 quod
1239 1629 1406 1742 persedla

165 1735 344 1818 securitas
366 1734 416 1814 de
441 1731 658 1816 omnimoda
671 1731 865 1816 soelicitate
879 1733 987 1818 nobis
998 1738 1240 1846 procurandi
1251 1741 1406 1824 obtine·

164 1848 197 1926 ri
228 1874 309 1930 non
325 1843 469 1954 potest,
496 1839 640 1923 etiamst
663 1869 732 1923 nos
756 1845 1114 1928 communebonum
1130 1875 1172 1928 ac
1190 1875 1322 1954 pacem
1336 1875 1406 1957 ge·

163 1957 337 2038 neralem
349 1950 658 2036 benevolentiam
682 1953 904 2032 exercendo
926 1953 1218 2063 prosequamur,
1244 1981 1426 2064 propter·

160 2062 381 2149 effraenatos
405 2059 649 2170 quorundam
676 2060 837 2140 aliorum
867 2057 1038 2169 offellus,
1059 2063 1126 2172 qui
1152 2063 1315 2147 eunde‘m
1339 2065 1413 2148 srbi'
1437 2127 1438 2132 a

159 2173 282 2256 finem
307 2200 376 2280 per
389 2169 597 2272 stultitiam,
619 2175 659 2254 δι
683 2170 936 2252 temeritatem
961 2171 1152 2256 suamnon
1165 2199 1414 2286 proponente

161 2281 312 2367 Verlrm
328 2282 406 2363 haec
420 2279 531 2360 etiam
544 2273 739 2360 difficultas
756 2278 975 2380 evanescet,
990 2281 1016 2364 fi
1032 2281 1311 2368 consideremus
1332 2315 1418 2370 non

160 2393 255 2473 nihil
284 2393 450 2496 prorsus,
462 2387 568 2500 quod
588 2387 777 2493 majorem
790 2392 840 2472 de
861 2389 1061 2475 soelicitate
1074 2392 1200 2474 nostra
1222 2393 1400 2476 securita«
1473 2446 1478 2454 ,

159 2527 241 2585 tem
255 2497 387 2583 afferat
399 2499 500 2582 inter
518 2497 833 2580 hominessacere
865 2499 1064 2610 poffe,vel
1083 2501 1217 2610 (quod
1245 2523 1420 2585 tantun·-

157 2611 248 2694 dem
271 2611 350 2718 est)
367 2608 577 2694 perfectam
603 2607 702 2688 illam
726 2607 966 2691 securitatem
989 2607 1038 2690 ab
1059 2611 1165 2693 omni
1186 2615 1406 2696 calamitate

155 2751 230 2832 per
260 2719 430 2802 effraenes
465 2722 663 2803 hominurn
687 2717 913 2826 cupiditates
945 2718 1144 2802 inferendi
1179 2721 1288 2804 nobis
1320 2723 1405 2808 esse¹

154 2828 568 2940 planeimpollibilem,
594 2827 737 2936 udedqt
759 2827 909 2911 necesse
930 2828 1006 2911 esse
1027 2853 1070 2912 ut
1097 2833 1268 2914 contenti
1289 2831 1404 2914 fimus*

154 2941 194 3023 id
224 2939 475 3046 facere,quod
501 2943 601 3020 inter
623 2937 749 3019 omnia
768 2963 852 3046 quae
883 2939 1070 3024 innostra
1095 2939 1182 3022 sunt
1203 2941 1399 3050 potestate

153 3051 202 3134 ad
226 3051 325 3131 hunc
345 3045 460 3128 finem
480 3045 787 3156 consequendum
808 3050 975 3133 maxime
993 3049 1185 3134 conducit.
1214 3052 1312 3134 illud
1325 3071 1400 3132 au··

154 3181 235 3246 tem
258 3159 329 3261 est,
356 3155 652 3240 uesoeliciratem
664 3156 833 3242 omniurn
847 3159 1060 3242 constanter
1071 3159 1294 3268 quaerendo,
1308 3159 1401 3245 illoc

156 3273 204 3354 ad
234 3267 440 3352 amicitiam
468 3264 594 3375 primo
606 3270 791 3376 aliquam,
801 3267 950 3350 deinad
974 3267 1192 3353 societatem
1208 3268 1395 3368 Civilem,

156 3403 225 3463 aut
247 3377 479 3487 Religiosam
503 3379 739 3484 quantumin
768 3377 881 3459 nobie
909 3377 980 3480 est,
996 3377 1258 3490 perducamus,
1275 3383 1315 3463 ὃ(
1340 3378 1394 3464 elr'

156 3489 359 3598 perduslos
373 3487 510 3572 eddem
535 3485 806 3568 benevolentia
821 3493 862 3570 in
885 3486 959 3569 hac
981 3487 1209 3596 conditione
1238 3485 1392 3572 consen·

155 3625 312 3680 vemut:
328 3677 331 3682 ,
349 3594 551 3706 Quicquid
576 3593 650 3676 hoc
677 3593 806 3677 studio
831 3597 952 3679 minus
976 3595 1048 3697 est,
1071 3620 1135 3680 aut
1157 3597 1211 3679 illi
1235 3620 1391 3682 contra·

156 3711 272 3808 rium,
298 3701 709 3790 tantundemdtficita
737 3703 1038 3792 summonostro
1049 3729 1188 3792 conatu
1213 3706 1261 3788 ad
1285 3708 1390 3795 soeli³

155 3821 310 3900 citatem
334 3815 498 3902 nostram
519 3813 801 3926 communemqs
821 3816 989 3900 omnium
1001 3817 1302 3930 promovendam
1318 3846 1392 3928 per

94 4003 98 4008 .
157 3925 279 4008 media
299 3925 723 4038 quaenatutalilumine
736 3927 1000 4034 cognoscimus
1019 3925 1096 4010 effe
1112 3931 1279 4010 maxime
1302 3927 1389 4005 ido·

157 4059 323 4136 nea,‚aut
347 4035 408 4126 illi
423 4033 572 4150 iusuper
607 4055 821 4226 repulgnat..
864 4037 962 4127 ure,
983 4037 1133 4126 ratione
1152 4037 1403 4124 solicitamua·

743 4168 767 4251 3
1253 4160 1416 4223 amnena..
