3392 4572
290 207 390 330 346
623 191 685 292 De
713 191 873 330 origine
905 181 1093 291 Dominii
1121 201 1175 301 (e

291 363 434 462 merito
445 365 634 478 conqueri
647 363 873 450 Dominlum
890 363 971 446 Dei
985 365 1085 448 intra
1105 363 1220 446 nimis
1239 355 1419 470 angustor
1440 363 1543 452 limi·

296 509 355 572 tes
385 481 457 565 hac
480 477 743 589 explicatione
756 475 1031 586 coerceri,qud
1056 472 1544 578 hocunumdicitur,illius

294 593 436 681 nullam
472 595 609 672 ¹artem
640 583 842 672 confistere
867 589 907 667 iu
931 583 1123 696 potestate
1146 587 1352 696 quicquam
1378 587 1544 673 faciendi

255 693 258 698 ²
296 728 433 794 contra
456 621 572 783 duem
601 699 803 809 optimum,
830 697 1048 781 Commune
1073 693 1240 796 Bonum,
1285 693 1407 780 idest
1434 698 1543 810 ipfiur

296 817 502 912 honorem,
530 817 803 898 &ceterorum
816 808 1062 890 rationalium
1075 805 1314 891 foeliciratem
1328 833 1411 890 eam
1429 837 1540 920 quarn

297 929 340 1012 &
366 951 491 1007 rerum
506 918 556 1003 ab
578 923 664 1032 ipso
690 917 931 1003 conditarum
953 938 1088 1002 natura
1111 917 1271 1025 patitur,
1302 916 1543 1033 &adquam

297 1025 1546 1249 3331331323irgcffinseggirerffiaonjpg19353332333333mn33
1576 1057 1580 1066 '

300 1280 433 1342 omnes
455 1251 702 1362 hominesque
719 1249 842 1334 modis
868 1246 1017 1378 infinite
1042 1247 1200 1375 diverfio
1225 1245 1430 1357 disponere
1441 1251 1549 1364 polle

301 1393 347 1559 ti
373 1359 1550 1584 &illultllllllllplllrllldlltlrillz

302 1613 381 1694 que
406 1581 647 1666 manifestum
679 1580 747 1680 est,
767 1580 1003 1663 Libertatem
1022 1581 1323 1692 perfetiamnon
1345 1579 1551 1667 confistere

304 1699 344 1777 in
367 1691 557 1804 potestate
581 1690 791 1774 melinsaut
806 1690 915 1800 pejus
939 1689 1122 1787 faciendi,
1140 1688 1205 1772 sed
1220 1689 1460 1798 inporestare
1480 1723 1554 1806 op·

306 1804 399 1886 time
429 1805 573 1915 pariter
587 1801 766 1903 faciendi,
790 1803 866 1883 five
885 1801 958 1902 his,
971 1798 1048 1882 five
1059 1799 1136 1882 aliis
1148 1798 1301 1886 uberius
1314 1801 1554 1886 Deutbene-

306 1911 420 1997 faciat
434 1918 474 1998 δι
489 1910 668 2020 largiatur
682 1939 767 2024 quae
788 1912 853 1994 sua
874 1915 975 2014 sunt,
990 1909 1160 2022 respeuu
1180 1911 1330 2021 semper
1352 1911 1491 1998 habito
1507 1917 1554 1998 ad

309 2021 423 2107 finem
443 2025 646 2136 optimum.
703 2023 932 2104 Cavendum
958 2017 1014 2103 est
1027 2043 1154 2104 tamen
1167 2049 1215 2102 ne
1227 2020 1490 2110 existimemus
1501 2026 1555 2109 ni·

268 2197 275 2214 .
307 2133 365 2217 hil
391 2159 475 2218 curn
506 2131 669 2217 hocfine
686 2131 887 2216 conlistere
905 2131 1017 2242 quod
1041 2131 1554 2222 intelteuusnosternonca·

309 2247 370 2354 pit
425 2269 479 2326 uo
506 2241 625 2326 modo
647 2243 702 2324 illi
727 2243 930 2327 inserviatt
957 2240 1086 2325 scimus
1110 2243 1212 2324 enirn
1226 2243 1341 2326 animi
1353 2245 1475 2329 nostri
1490 2252 1554 2329 iru-

308 2273 559 2441 becillitatem
581 2353 630 2434 ad
641 2354 739 2436 tanti
766 2351 849 2436 finis
869 2349 1247 2462 comprehenfiouem
1269 2381 1346 2437 non
1373 2355 1555 2456 sufficere,

310 2493 384 2550 nec
411 2463 554 2574 allequi
578 2459 880 2571 posseinfiniram
893 2460 1108 2548 mediorum
1136 2468 1377 2566 varietatem,
1402 2493 1489 2578 quae
1511 2467 1555 2549 ad

310 2576 410 2660 illius
425 2574 736 2686 procurationem
749 2575 770 2658 ir
785 2573 879 2656 Deo
893 2571 1064 2680 adaptari
1075 2568 1228 2681 poffint,
1242 2573 1440 2686 multique
1453 2575 1555 2688 post·

311 2687 392 2767 haec
416 2681 649 2766 addiscemus
667 2683 725 2766 his
754 2681 941 2768 derebus
964 2707 1048 2792 quae
1071 2685 1197 2765 adhuc
1220 2710 1292 2766 nos
1301 2685 1439 2770 latent.
1501 2688 1556 2772 Sic

312 2793 453 2876 scilicet
470 2815 605 2875 notum
630 2792 685 2872 est
707 2793 819 2874 nobis
850 2795 1077 2902 generaliter
1087 2795 1236 2878 Omnes
1246 2797 1420 2880 animalis
1434 2821 1559 2906 patret

313 2900 361 2986 ad
387 2901 502 3011 ipfius
524 2903 728 2985 utilitatem
754 2903 960 3006 inservire,
981 2929 1203 3017 quanquam
1221 2907 1423 2990 multarum
1443 2911 1561 3016 parti·

313 3041 377 3096 um
403 3035 444 3095 ut
472 3014 619 3114 Lienis,
641 3010 918 3116 Cerebri,&c.
965 3014 1071 3098 usum
1096 3018 1276 3101 minutim
1292 3021 1333 3100 8<
1348 3047 1416 3126 per
1432 3021 1561 3105 omnia

315 3125 491 3208 nondum
521 3123 788 3232 intelligamus.
843 3124 998 3210 Interim
1011 3131 1194 3236 quoniam
1208 3125 1397 3236 pertento
1419 3132 1564 3216 tamin·

313 3231 486 3318 tenedus
510 3233 649 3316 Divini
670 3235 787 3344 qultn
818 3237 1028 3320 voluntem
1054 3240 1138 3344 ejus
1159 3237 1343 3346 judicium
1379 3267 1565 3347 compro·

315 3341 523 3452 bantisipfi
550 3345 648 3428 Deo
664 3343 721 3428 est
743 3345 958 3444 intrinseca,
983 3348 1222 3434 manifestum
1250 3346 1306 3430 est
1328 3347 1411 3456 ejus
1431 3349 1563 3434 domi·

316 3457 421 3538 nium
448 3454 525 3537 hoc
548 3453 922 3565 modoexplicatum,
948 3480 1026 3542 non
1050 3460 1206 3542 aliunde
1228 3482 1427 3565 acceptum
1451 3458 1564 3546 intel·

317 3567 397 3672 ligi,
423 3591 495 3648 nec
510 3559 630 3646 minus
650 3585 831 3648 aeternum
846 3561 1154 3677 ellequltnl'uut
1170 3570 1243 3654 illae
1266 3567 1564 3680 perfectionne

316 3675 492 3783 quibus&
519 3671 1167 3788 nobisdiscitur&demonstratur‚
1199 3677 1460 3790 potiusquam
1473 3713 1563 3796 pro·

348 3785 402 3866 rie
420 3785 633 3866 derivatur.
659 3785 806 3870 Verum
819 3788 1047 3888 iraomnino
1067 3789 1317 3898 intelligenda
1331 3789 1388 3873 est
1403 3795 1563 3904 quaestio

317 3815 370 3980 de
395 3895 548 4001 origine
563 3891 1164 3990 DominiiDivini,namcausam
1174 3899 1334 4013 proprii
1356 3903 1492 3991 dietam
1504 3912 1563 4014 ju·

321 4008 370 4090 ris
385 4005 516 4086 aterni
530 4033 645 4090 nemo
672 4005 1021 4116 sanusquaeliverit.

375 4113 552 4228 ignoscat
575 4137 702 4203 aurem
731 4115 872 4206 Ledot
898 4117 989 4204 huic
1011 4113 1232 4230 digteffioni
1261 4147 1380 4232 quam
1396 4155 1476 4215 non
1490 4123 1562 4208 fine

1459 4235 1564 4322 causa
1674 4311 1676 4320 .
