3392 4572
312 237 315 246 ‚
473 136 479 149 ὁ
518 171 727 274 Virtutum
754 173 1010 296 Moralium.
1057 271 1059 276 ,
1309 218 1403 326 351

154 352 209 437 vis
234 369 315 436 tota
338 346 429 432 inde
449 343 568 454 fluit)
591 371 828 458 quemquam
850 349 1023 460 obligare
1041 347 1152 460 posse
1177 351 1226 436 ad
1244 381 1305 455 ea,
1319 383 1405 466 quae

153 457 465 546 manifesto-huic
489 455 558 540 fini
578 481 808 567 repugnant,
828 460 893 544 seu
915 489 997 571 que
1021 462 1110 569 lege
1133 464 1296 546 naturali
1319 469 1406 552 sunt

152 575 311 661 illicitat
339 565 509 679 ideoque
525 597 575 650 ex
599 569 872 668 eodemsoute
888 576 930 657 &
952 571 1021 673 vis,
1047 574 1088 654 8<
1116 571 1253 658 limitet
1273 579 1405 684 palio·

153 711 237 770 tum
253 683 494 766 derivantur.
668 779 670 782 Ι

207 797 246 894 ἡ.
265 794 316 874 X.
347 791 531 876 Stabilito
555 792 708 874 tandem
730 788 767 870 in
792 789 872 871 Res
891 791 1136 876 &Personas
1161 793 1351 896 dominio,
1382 795 1404 878 ὲ

152 903 320 1012 generali
341 901 547 986 admodum
563 902 668 1010 Lege
681 900 877 1000 Naturali,
903 903 1019 986 datur
1043 904 1119 1008 jam
1136 901 1288 1013 fingulia
1299 903 1404 991 unde

152 1011 292 1124 pnffint
304 1011 352 1094 de
363 1012 435 1096 suo
447 1011 594 1121 aliquid
610 1012 696 1094 aliis
707 1009 868 1108 donare,
880 1035 946 1093 aut
964 1019 1190 1120 promittere
1212 1013 1402 1116 absolute,
1480 1099 1484 1104 .

152 1126 345 1208 autetiam
361 1151 447 1206 cum
469 1125 551 1204 aliis
566 1121 700 1229 pacisci
725 1115 792 1202 sub
815 1119 1041 1206 conditione
1057 1123 1106 1204 ab
1123 1125 1164 1206 iia
1178 1125 1403 1234 prestanda,
1441 1162 1446 1176 ·

151 1262 235 1346 quae
253 1232 520 1345 supponuntur
541 1257 746 1342 antequam
761 1233 869 1316 locut
887 1229 929 1312 stt
942 1230 1032 1320 fidei
1054 1232 1257 1318 servandae.
1298 1237 1404 1320 Nam

152 1345 228 1430 hoc
254 1351 341 1457 iplo
365 1343 476 1456 quod
499 1342 662 1439 donatio
684 1343 803 1425 libera
831 1369 917 1424 eam
937 1343 991 1426 ob
1012 1343 1159 1428 causam
1184 1345 1312 1429 valida
1331 1345 1404 1448 cst,

150 1480 315 1564 propter
338 1484 454 1565 quam
473 1452 719 1538 constituitur
739 1451 963 1552 dominium,
988 1451 1124 1564 inquo
1140 1458 1309 1566 potestas
1331 1456 1405 1542 do·.

151 1567 271 1648 nandi
298 1569 535 1666 continetur,
558 1591 697 1673 nempe
723 1587 887 1672 propter
907 1563 1127 1649 Commune
1154 1567 1404 1652 rationalium

152 1675 323 1760 omnium
347 1676 509 1774 Bonum,
533 1701 672 1760 eorum
696 1695 822 1756 autem
846 1675 1204 1787 praesertimquibut
1228 1679 1308 1760 haec
1324 1677 1404 1762 Po-

149 1787 264 1871 testas
279 1787 317 1867 in
338 1783 476 1894 quovis
491 1789 579 1868 calu
594 1782 812 1894 particulari
826 1783 1065 1886 conceditur,
1080 1785 1325 1871 manifestum
1345 1787 1403 1872 est

152 1896 298 1996 Deum,
328 1895 536 2006 omnesque
558 1893 626 2007 ipfi
640 1891 914 1978 subordinatus
925 1893 1088 1978 dominii
1110 1895 1403 1996 autloreastem·

150 2035 221 2117 per
248 2008 351 2088 velle
367 2005 538 2090 homines
550 2003 588 2089 in
611 2005 712 2088 huuc
725 2000 841 2086 finem
854 2005 1068 2088 consentire
1083 2004 1310 2090 inomnibus
1332 2006 1405 2090 do·

153 2124 213 2202 oia
232 2114 473 2202 conserendis
494 2119 536 2199 8<
557 2111 801 2226 recipiendia,
824 2112 902 2198 fine
920 2139 1002 2227 quo
1022 2115 1164 2200 talibus
1189 2112 1404 2202 aulonibus

153 2229 277 2312 nullus
300 2227 322 2310 ὲ
349 2227 456 2334 Lege
468 2225 624 2310 Naturae
643 2226 800 2309 daretur
811 2224 936 2308 locus.
976 2229 1230 2338 Qapropter
1241 2227 1313 2338 qui
1333 2227 1402 2309 be·

154 2333 329 2422 aeficium
348 2337 487 2448 accipit
510 2337 741 2448 intelligitur
757 2334 841 2443 ipso
855 2334 959 2421 sa&o
974 2337 1211 2439 convenisse,
1237 2335 1274 2421 se
1300 2337 1404 2420 velle

153 2448 399 2534 donationem
425 2449 530 2532 illam
553 2445 654 2532 uncle
678 2440 906 2530 beneficium
934 2446 1053 2530 habet
1079 2448 1149 2533 sub
1176 2477 1221 2530 ea
1245 2449 1332 2554 lege
1358 2473 1404 2532 ac

153 2555 378 2644 conditione
395 2558 542 2657 valere,
556 2555 873 2642 utcommunitati
887 2555 1017 2640 melius
1037 2555 1094 2658 stt,
1117 2559 1174 2640 illi
1197 2555 1405 2668 praesertim

155 2663 1251 2864 llll„l’lillltlillllmllllllalllll
1265 2687 1439 2860 lull

155 2889 287 2988 dendi,
302 2910 417 2996 prout
429 2887 582 2984 occafio,
597 2805 757 2986 tulerit:l
767 2893 807 2972 in
831 2912 914 2998 quo
937 2805 1404 2973 oraritudinisvireslam·

154 3025 222 3082 nes
246 2999 323 3081 sese
352 2998 567 3106 explicant:
605 3022 726 3108 atque
746 2995 897 3108 insuper
919 2996 1119 3082 cousensus
1139 2997 1325 3104 ejusmodi
1346 2995 1404 3079 est

155 3109 304 3194 tautum
326 3108 556 3219 approbatio
580 3109 692 3216 Legis
716 3105 1035 3192 universaliffimae
1063 3107 1115 3190 de
1133 3107 1405 3216 prosecutione

156 3217 255 3302 Boni
278 3217 519 3320 Communis,
534 3217 633 3306 &de
646 3216 919 3305 constitutione
932 3215 1094 3306 dominii
1106 3243 1193 3298 eum
1206 3216 1246 3298 in
1258 3212 1406 3298 finemt

156 3325 329 3438 ideoque
355 3328 563 3415 Gratitudo
587 3329 678 3412 hinc
701 3327 791 3414 satit
815 3326 1021 3412 evidenter
1049 3327 1263 3410 mandatur.
1306 3323 1405 3406 Hinc

156 3439 271 3520 etiam
288 3437 399 3549 quod
422 3438 607 3550 quispiam
630 3443 738 3523 alteri
757 3441 809 3524 de
823 3439 894 3524 suo
918 3437 1080 3548 largitur
1098 3436 1142 3522 fit
1163 3459 1206 3520 ut
1217 3433 1403 3518 debeatur

155 3549 366 3656 gratitudo,
392 3573 512 3660 atque
531 3573 576 3632 ut
602 3547 778 3659 poffimus
794 3553 1004 3660 agnoscere
1016 3575 1150 3633 eorum
1167 3545 1405 3631 benevolen-

155 3663 268 3765 tiam,
287 3661 353 3768 qui
380 3661 481 3743 ultra
509 3661 546 3745 id
571 3662 678 3770 quod
703 3661 875 3746 nostrum
904 3658 961 3741 est
989 3657 1026 3742 in
1051 3686 1121 3744 noa
1141 3657 1403 3743 contulerunt.

50 3877 52 3880 y
156 3767 285 3850 Porto
308 3793 436 3854 autem
465 3773 487 3853 ὲ
513 3769 691 3853 mensura
716 3794 850 3855 cotum
884 3793 973 3878 quae
996 3767 1124 3852 nollra
1149 3768 1231 3850 sunt
1254 3795 1323 3876 per
1346 3795 1406 3850 re·

153 3876 322 3984 spectum
335 3881 384 3962 ad
408 3880 552 3964 bonum
567 3879 760 3989 publicum
776 3880 1028 3962 determinata
1050 3877 1115 3986 (ut
1147 3877 1406 3984 ostendimus)
1429 3931 1435 3944 ·

154 3985 351 4072 sumuntur
379 3991 517 4074 limites
541 3987 713 4074 honesta·
733 3991 883 4076 artatam
907 3989 970 4072 scu
995 4015 1090 4073 curae
1105 3989 1279 4071 nostrum
1303 3985 1405 4096 ipso·

152 4123 266 4183 rum:
294 4093 442 4214 semper
456 4101 555 4192 enim
573 4101 664 4190 dum
685 4098 799 4188 nobis
812 4101 1055 4202 consulimus,
1068 4097 1332 4186 abstinendum
1348 4093 1405 4288 cll}

1352 4235 1374 4288 2
