3392 4572
333 253 443 348 tao
607 253 612 264 '
805 217 1084 356 consiliaria.
1181 260 1188 276 ·

338 391 457 474 docet
483 385 689 500 Imperium
702 385 794 472 illud
817 387 949 472 Civile
973 415 1044 469 nec
1065 379 1256 484 constitui,
1286 403 1355 468 trec
1375 385 1527 474 conset·

332 504 424 582 =vari
450 501 558 607 polle
591 523 718 582 tutum
749 499 959 584 &crimine
984 497 1069 580 laest
1097 493 1323 602 Maiestatis,
1351 494 1419 604 nist
1445 499 1528 580 vir·

336 631 422 691 rute
447 609 695 716 obligationis
733 609 845 716 Legis
880 605 1090 702 naturalis3
1118 632 1202 716 quae
1226 602 1251 684 fi
1273 603 1321 683 ad
1346 625 1525 688 externos

339 719 457 800 etiam
489 722 590 802 adius
614 727 693 804 non
715 722 921 825 pertingat,
952 743 1030 799 non
1056 736 1167 797 erunt
1200 715 1324 798 securi
1346 717 1479 823 Reges
1501 721 1521 801 a

333 827 609 933 perduellione.
666 831 919 936 Quapropter
943 823 1093 907 neceise
1115 821 1170 905 est
1192 843 1235 904 nt
1259 820 1424 908 fateatur
1451 828 1524 907 lm·
1667 825 1670 834 “

333 935 484 1042 perium
504 939 647 1034 Civile,
677 960 793 1046 atque
813 935 1088 1043 obligationem
1103 933 1151 1015 ad
1173 929 1433 1018 obedientiam
1455 935 1526 1017 Ci-

337 1045 455 1129 vilem
493 1049 514 1129 *e
544 1054 659 1150 cujus
694 1047 906 1130 violatione
932 1043 1043 1126 totali
1072 1039 1235 1124 nascitur
1265 1044 1412 1127 crimen
1435 1045 1523 1130 laesae

336 1141 576 1260 Majestatis,‘
592 1155 846 1260 fundamento
870 1153 940 1237 niti
967 1153 1075 1263 quod
1098 1149 1174 1262 iple
1198 1150 1331 1234 docuit
1353 1153 1525 1264 elieplm

336 1266 387 1345 ne
425 1267 659 1364 invalidum,
687 1261 755 1346 nist
790 1262 881 1345 dum
917 1263 973 1344 sui
999 1255 1128 1346 effecti
1158 1263 1308 1346 viribus
1328 1262 1523 1348 fulciatur.

335 1371 567 1482 impossibile
583 1375 714 1456 'autem
741 1371 797 1455 est
822 1395 867 1456 nt
883 1369 1058 1454 elichum
1085 1371 1178 1452 dnm
1201 1371 1373 1455 nondum
1395 1372 1524 1460 existit

335 1485 440 1564 vires
461 1482 715 1567 subministret
740 1482 809 1566 suae
830 1482 963 1581 cause,
993 1484 1104 1585 cujus
1123 1507 1201 1590 ope
1229 1480 1522 1589 producendum

335 1593 391 1670 elt
413 1591 552 1698 primb,
580 1597 622 1674 bt
646 1593 789 1682 deinde
810 1591 1126 1675 conservandum.
1183 1591 1523 1702 Qicquidantem

285 1721 287 1728 ’
333 1701 544 1783 invalidum
569 1701 662 1784 facit
686 1699 975 1784 fundamentum
996 1699 1243 1808 obligationis
1266 1703 1315 1784 ad
1330 1701 1524 1788 obedien·

333 1806 601 1914 tiamcivilem,
622 1812 663 1894 id
686 1813 828 1893 crimen
850 1811 938 1893 laesae
966 1811 1176 1916 Maiestatis
1199 1809 1298 1920 (qud
1322 1832 1403 1893 tota
1419 1813 1523 1897 simul

315 1919 560 2002 obedientia
585 1921 726 2002 Civilis
747 1920 977 2027 excutitur)
1006 1921 1160 2019 minuit,
1188 1921 1250 2002 vel
1280 1920 1409 2029 potius
1437 1929 1524 2008 uul-

331 2029 409 2110 lum
433 2023 509 2112 elle
533 2029 715 2112 declarat.
760 2029 957 2136 'Denique
987 2027 1034 2110 ad
1060 2029 1366 2135 perduellionem
1395 2031 1522 2118 homi·

318 2165 398 2220 nes
422 2141 587 2220 animant
609 2137 798 2250 principia
821 2135 1040 2238 Hobbiana,
1067 2155 1259 2246 quatenus
1273 2142 1400 2222 omnia
1422 2142 1522 2229 sum·

332 2252 386 2330 mi
408 2248 673 2358 imperii'jura
694 2247 893 2357 aequaliter
925 2246 1145 2330 concedunt
1172 2248 1215 2330 iis
1237 2253 1305 2357 qui
1335 2279 1404 2360 per
1425 2253 1522 2338 sedi·
1614 2337 1624 2372 ⁸

316 2360 495 2458 tionem,
524 2381 595 2441 aut
622 2357 806 2439 nefarium
829 2355 1077 2465 Regicidium
1104 2355 1152 2439 ad
1183 2357 1367 2442 thronum
1390 2363 1522 2456 ascen·

330 2467 485 2575 derunt,
512 2495 558 2548 ac
582 2463 757 2577 Regibus
779 2465 892 2549 titulo
916 2461 1109 2573 justiffrmo
1130 2469 1393 2553 audoritatem
1413 2471 1519 2558 suam

329 2577 625 2688 acquirentibus.
681 2579 796 2660 Patet
825 2575 916 2676 hoc,
942 2575 1121 2685 quoqiarn
1149 2577 1284 2688 aperte
1313 2579 1519 2689 profitetur

327 2715 361 2766 e.
393 2707 454 2790 ις.
491 2687 530 2782 i.
559 2710 594 2790 5.
631 2689 652 2768 ὲ
679 2685 841 2770 naturali
874 2688 964 2792 jure
999 2687 1166 2768 omniunt
1192 2690 1232 2770 in
1269 2690 1401 2772 omnia
1434 2696 1521 2778 uni·

329 2797 471 2901 cuique
493 2793 571 2875 elle
594 2795 654 2896 jus
672 2797 711 2877 in
729 2823 864 2880 omnes
882 2796 1068 2904 regnandi
1091 2793 1160 2906 ipfi
1174 2819 1314 2882 naturae
1329 2829 1517 2886 coaevum.

329 2902 504 3016 Ideoque
522 2904 743 3014 quicunque
762 2907 975 3015 potentiam
998 2931 1152 2990 omnem
1176 2907 1410 3015 superiorem
1424 2917 1520 3025 qut-

312 3041 485 3124 ..cunque
509 3017 661 3099 ratione
684 3037 867 3097 excutere
882 3013 1024 3123 potest,
1053 3015 1129 3100 hoc
1150 3015 1234 3128 ipso
1255 3045 1430 3105 removet
1448 3030 1516 3108 im·

326 3123 591 3230 pedimeutum
631 3153 747 3208 omne
769 3150 855 3233 ¹quo
890 3125 1116 3233 prohibetur
1144 3131 1228 3231 jure
1256 3121 1324 3212 sno
1358 3137 1446 3221 uris
1473 3137 1514 3217 8<

319 3233 530 3342 postquam
557 3233 740 3318 thronum
767 3235 1029 3344 occupaverit,
1061 3233 1264 3318 secundum
1300 3239 1381 3322 haec
1412 3245 1516 3349 prin·

326 3343 428 3452 cipia
454 3340 598 3426 dicetur
623 3349 708 3446 jure
735 3349 942 3452 imperare,
972 3341 1246 3454 adedquenon
1267 3349 1339 3428 erit
1362 3348 1514 3456 Tyran-

245 3551 247 3556 .
326 3477 409 3534 nus.
465 3451 568 3534 Hinc
607 3456 663 3536 est
692 3453 798 3566 qubd
827 3453 1004 3538 Hobbius
1034 3449 1109 3537 suis
1145 3457 1393 3564 opinionibus
1427 3461 1514 3548 saris

325 3563 499 3668 congrue
530 3559 702 3663 affirmat,
730 3565 771 3644 in
798 3585 981 3670 tempore
1002 3563 1202 3648 seditionis
1226 3568 1266 3647 bc
1288 3567 1377 3650 belli
1404 3573 1513 3654 Civi-

318 3671 370 3750 lis
392 3671 473 3753 duo
497 3665 580 3752 fieri
602 3668 742 3754 summa
768 3672 929 3784 lmperia
952 3701 1001 3754 ex
1025 3700 1116 3774 uno,
1148 3679 1180 3756 e.
1204 3677 1242 3756 6.
1269 3677 1308 3772 h.
1338 3699 1401 3783 13.
1433 3687 1512 3768 Sci·

324 3784 418 3864 licet
448 3778 540 3862 Belli
570 3779 702 3864 Civilis
725 3783 857 3864 audior
884 3781 1099 3866 rebellione
1129 3785 1193 3868 sud
1226 3785 1411 3872 summum
1449 3823 1511 3876 ac·

323 3885 480 3997 quilivit
505 3891 546 3971 in
572 3891 741 3998 ejusdem
766 3889 913 3974 sceleris
931 3893 1108 3978 conscios
1132 3893 1352 4004 Imperium,
1382 3907 1420 3985 δι
1449 3905 1511 4007 ju·

313 4000 426 4082 rese
451 3997 608 4112 surisque
633 4023 767 4085 contra
797 4003 948 4110 Regem
972 4003 1076 4086 suum
1108 4001 1320 4090 defendere
1346 4013 1509 4118 ‚potesta

1459 4148 1510 4210 nt
