3384 4578
238 193 367 322 3104
592 191 655 294 De
682 186 861 292 Natura
885 182 1101 308 Humano,
1127 191 1180 294 lo

258 376 445 490 aplendam
472 375 627 460 humani
654 373 799 485 generis
824 371 1056 458 foelicitatem
1081 365 1282 452 becellaria
1306 369 1377 474 est,
1407 401 1455 457 ex
1469 377 1508 464 iis

259 519 351 600 quae
383 489 549 571 diximus
578 487 627 569 de
653 486 771 571 modo
784 514 868 596 quo
892 481 1052 566 mundus
1073 499 1282 592 corporeus
1308 481 1509 572 conserva·

262 621 344 700 tur,
372 600 514 682 hauriri
536 596 675 710 potest.
737 594 915 678 Consistit
940 592 1039 674 enim
1066 591 1103 672 in
1118 590 1173 673 his
1198 592 1347 676 duobus
1372 591 1445 705 (1)
1467 623 1509 682 ut

270 733 429 794 conatus
455 709 686 818 fingulorum
709 702 838 790 versias
863 703 963 788 suam
980 699 1311 786 conservationem
1339 705 1510 792 subordi-

264 844 410 924 nentur
433 819 621 926 ejusmodi
658 815 873 913 conatibus,
896 815 957 896 seu
979 813 1191 926 allionibus
1217 841 1298 923 quae
1318 815 1366 896 ad
1393 822 1509 904 totius

266 930 606 1016 conservationem
620 925 821 1038 manifesti)
835 927 918 1009 sunt
935 923 1175 1006 necellariaet
1205 923 1278 1032 (2)
1290 926 1510 1012 uthocmo·

271 1043 326 1127 do
338 1043 388 1123 ita
409 1041 597 1122 librentur
612 1039 714 1120 vires
742 1033 972 1142 fingulorum
997 1031 1133 1141 quibus
1154 1032 1189 1114 se
1215 1036 1395 1123 adversita
1418 1040 1510 1124 alio·

273 1179 357 1234 rum
375 1152 453 1232 viru
482 1171 675 1248 tueantur,
688 1168 731 1230 ut
755 1147 876 1228 nullus
904 1143 954 1225 ab
975 1145 1222 1254 alioquovis,
1239 1147 1280 1226 in
1299 1151 1422 1232 totius
1473 1181 1511 1234 e.

272 1263 431 1344 ticulum
455 1279 522 1340 aut
538 1259 821 1358 detrimentum,
846 1253 1043 1338 absorberi
1072 1251 1197 1360 pollrt.
1238 1253 1309 1339 His
1331 1260 1424 1368 quid
1455 1287 1510 1344 aru

273 1368 393 1478 limile
409 1368 626 1456 iunioribus
639 1367 847 1476 systematis
863 1363 1043 1458 mundani
1053 1359 1294 1473 conspicitur,
1305 1371 1410 1480 quod
1426 1373 1510 1480 qui·

274 1481 363 1564 dem
391 1479 567 1564 emundi
593 1478 834 1588 plenitudine
856 1477 895 1556 8(
914 1473 1095 1560 contallu
1130 1501 1345 1582 corporum
1367 1484 1509 1582 oritur,

274 1587 456 1697 adeoque
469 1589 517 1670 ad
545 1591 675 1687 omnia
690 1589 728 1669 se
744 1583 934 1667 extendit.
994 1586 1136 1664 Mentis
1156 1608 1286 1666 autem
1310 1595 1351 1672 ὃ(
1369 1591 1510 1674 Ratio·

274 1690 1045 1804 nisopusestobservareuniuscujusque
1057 1695 1255 1802 propriam
1270 1692 1510 1783 foelicitatem

273 1807 471 1893 nobiliore
494 1805 649 1893 modoit
677 1828 907 1892 caeterorum
929 1803 1179 1886 rationalium
1199 1803 1344 1888 adibus
1371 1812 1514 1894 volun·

273 1913 932 2028 tariispendere,etiamcitmlonge
957 1911 1511 2024 distant‚ide6quecurareut

275 2055 408 2112 omnes
431 2031 535 2116 auus
559 2031 716 2112 humani
740 2028 888 2137 pariter
901 2023 1038 2112 iaciant
1051 2022 1098 2108 ad
1119 2024 1386 2110 universorum
1417 2025 1515 2112 rati·'

275 2143 443 2223 analium
468 2167 675 2223 commune
689 2138 865 2232 bonnm3
891 2135 1285 2218 acfaciuntomniuna
1300 2161 1512 2247 corporum

275 2272 404 2332 motus
430 2247 479 2328 ad
503 2247 714 2356 systematis
727 2247 912 2352 corporei
931 2241 1275 2326 conservationem.
1331 2246 1511 2332 ldautem

274 2353 343 2438 fiet
368 2354 450 2438 stin
474 2355 808 2442 omnibusadibus
823 2354 1055 2436 voluntariis
1065 2356 1137 2463 qui
1150 2351 1245 2435 alios
1269 2351 1511 2462 spestent,il-

275 2468 313 2549 la
340 2469 422 2550 duo
435 2493 520 2577 quae
545 2466 664 2552 modd
684 2464 1053 2548 dixiob'serventur.
1118 2461 1257 2571 Idebqa
1288 2463 1366 2550 hoc
1394 2469 1511 2554 modo

275 2577 457 2662 {trorum
479 2601 618 2662 natura
644 2575 920 2684 docemurqua
947 2575 1309 2656 rationecotnmuni
1335 2577 1512 2664 foelic'rta·

275 2684 318 2784 ti,
344 2687 526 2797 nostraqa
565 2693 607 2768 in
630 2716 676 2770 ea
698 2683 841 2768 inclusae
874 2683 1089 2766 necell'arib
1111 2681 1420 2793 prospiciendum
1445 2686 1522 2794 fita

275 2797 385 2906 quod
404 2795 626 2879 tantundem
640 2795 695 2876 est
720 2825 764 2877 ac
789 2792 1007 2902 fidicemm,
1035 2792 1219 2876 docemur
1242 2799 1514 2902 quanamab'ti·

275 2907 479 3016 aneslege,
498 2908 666 2990 naturali
690 2906 977 3014 praecipiantur.
1034 2903 1084 2984 Et
1097 2905 1186 2988 sane
1204 2904 1416 3012 prudentes
1433 2939 1515 2996 om·
1587 3007 1588 3011 p

274 3043 342 3100 nes
366 3016 403 3100 in
424 3014 771 3103 deliberationibus
786 3013 1017 3122 omnigenis,
1037 3015 1078 3094 in
1100 3013 1244 3125 tinibus
1271 3016 1353 3126 Lex
1376 3017 1516 3103 Civilis

275 3125 406 3210 locum
430 3157 510 3216 non
536 3127 666 3227 habet,
690 3149 756 3210 aut
778 3124 947 3208 arbitrio
962 3118 1114 3234 cujusqa
1136 3152 1218 3208 rem
1244 3130 1439 3235 permittit
1450 3157 1515 3212 na·

275 3239 468 3338 turaliter,
492 3239 532 3320 in
557 3237 782 3323 haecoculos
803 3232 990 3342 defigunt,
1006 3235 1082 3316 bac
1095 3235 1179 3316 aliis
1200 3225 1358 3320 suadere
1372 3267 1516 3330 conan-

275 3365 358 3449 tur,
383 3353 423 3434 δι
436 3349 494 3430 his
508 3347 655 3430 tanttlm
669 3349 770 3430 inter
790 3344 826 3427 se
839 3347 1051 3426 convenire
1067 3344 1322 3456 poll'unt,quae
1351 3346 1399 3428 ad
1411 3373 1517 3434 com·

277 3483 394 3542 nrune
420 3457 564 3540 bonum
577 3459 744 3565 partium
759 3455 1070 3556 consultantium,
1085 3463 1128 3540 bt
1150 3455 1403 3540 adlibrandas
1417 3459 1517 3542 adeo

276 3574 448 3651 omnium
474 3571 669 3676 potentias
704 3565 859 3665 faciant,
871 3585 916 3647 ut
936 3571 1111 3651 omnium
1133 3567 1291 3666 interfit,
1325 3593 1371 3650 ut
1398 3599 1516 3654 nemo

276 3677 439 3778 alterurn
462 3679 686 3786 opprimere
708 3673 832 3788 poffir.
887 3677 951 3760 Sic
976 3681 1078 3760 inter
1102 3680 1435 3786 vicinoapupulos
1450 3681 1516 3790 qui

277 3785 402 3871 eidem
425 3787 594 3892 irnperio
615 3817 696 3872 non
720 3787 994 3889 subjiciuntur,
1016 3787 1056 3868 id
1076 3793 1132 3876 in¹
1149 3787 1327 3870 omnibus
1350 3793 1515 3898 legatio·

276 3896 404 3998 nibus,
417 3898 819 4001 -pattisufoedertbus
834 3898 977 4004 agitur,
1005 3897 1517 4008 utCivitatumsmgularum

275 4009 381 4094 vires
405 4007 545 4088 mutuis
558 4006 710 4091 auxiliis
732 4007 1006 4118 itatius-emur,
1022 4031 1068 4090 ut
1080 4003 1231 4089 difficile
1243 4008 1284 4094 fit
1298 4013 1409 4094 alteri
1422 4013 1517 4096 alte·

276 4144 357 4200 ram
368 4115 600 4224 absorbere,
624 4117 689 4206 sed
715 4119 896 4203 omnibus
916 4121 1198 4236 permittantur
1207 4118 1433 4208 sufficientes
1458 4150 1517 4208 ra·

1342 4301 1344 4304 .
1390 4254 1517 4318 trones
