3400 4566
12 143 16 266 ξ
140 179 159 212 0

302 198 419 298 ·De
435 192 547 330 Lege
566 191 752 297 Natura
772 195 935 335 sitisque
952 169 1244 340 obligationes
1352 126 1492 331 293⁴·
1610 247 1614 256 ·

208 381 247 466 in
264 381 366 468 hunc
391 377 506 464 finem
527 377 630 461 nolle
645 379 876 480 consentire,
902 379 966 464 nist
985 379 1167 470 sufficiens
1187 383 1228 468 fit
1243 383 1348 468 causa·
1362 414 1446 470 cte·

206 491 325 576 dendi
351 487 667 574 eundemrettam
681 485 890 572 Rationem
914 490 1087 592 exuisses
1117 493 1350 578 aliosautem
1364 521 1448 578 om·

206 629 276 687 nes
296 599 389 684 acfi
412 599 614 682 nobiscum
636 595 809 704 expresse
831 599 1094 684 conseniiffent
1115 604 1330 690 tradandos
1356 602 1444 688 etse.

206 713 299 797 Hoc
327 736 453 796 autem
483 707 568 818 ipso
590 703 701 815 qudd
719 705 905 818 quispiam
916 711 1043 794 secum
1066 710 1205 797 statuat
1232 713 1449 798 Commune

205 822 353 908 bonum
383 848 456 930 prae
478 817 559 900 aliis
582 815 1053 926 fingulorum-commodis
1079 823 1278 933 prosequi,
1307 849 1357 904 ex
1383 824 1449 906 sua

206 939 248 1020 8(
266 933 423 1023 aliorum
438 928 637 1013 foelicitate
659 921 866 1010 conflatum
882 927 994 1012 finem
1020 923 1086 1018 fibi
1103 932 1302 1044 proponit,
1321 928 1448 1044 ejusqs

236 1066 356 1126 artem
379 1043 546 1150 aliquam
572 1035 812 1147 affequitur‚
837 1039 1150 1154 quotiescunque
1173 1065 1240 1128 aut
1263 1043 1357 1143 aliis,
1379 1065 1449 1124 aut

205 1071 271 1236 dbi
297 1153 360 1234 vel
382 1151 573 1234 tantillum
590 1147 1043 1258 prodestcaeterisillaefis.
1079 1155 1122 1238 In
1145 1147 1346 1238 hanc‘rem
1363 1149 1450 1261 piu·

191 1265 287 1346 rimi
305 1261 425 1346 refert
436 1257 639 1344 observare
652 1255 766 1340 finem
792 1255 869 1341 effe
883 1289 962 1344 non
977 1256 1016 1344 id
1034 1261 1151 1349 folmu
1166 1292 1249 1376 quo
1260 1259 1448 1376 quispiam

199 1371 357 1477 fruitur,
376 1371 499 1482 q'ualia
510 1365 565 1454 est
576 1371 735 1478 propria
743 1365 922 1477 cuiusque
933 1370 1124 1475 foelicitus,
1139 1371 1202 1458 sed
1214 1377 1255 1456 8(
1268 1369 1450 1460 (Ηεᾶυω

203 1509 357 1567 omnem
370 1507 483 1591 quem
507 1503 621 1588 agens
640 1477 838 1562 rationalis
862 1475 995 1589 sciens,
1019 1485 1165 1584 volens,
1192 1489 1233 1570 8(
1248 1511 1296 1566 ex
1320 1483 1449 1566 intcn-

200 1587 312 1690 'tione
324 1589 519 1703 producit,
543 1609 609 1670 aut
620 1609 781 1670 conatur
797 1589 1024 1694 producere.
1056 1595 1187 1704 Atque
1202 1593 1291 1678 hinc
1305 1619 1448 1703 eaquae

114 1787 118 1792 .
202 1701 380 1788 consuitd
401 1697 560 1784 iacimus
572 1717 616 1780 ut
637 1698 718 1800 aljis
731 1694 927 1809 prosimus,
949 1721 1017 1781 aut
1033 1701 1260 1810 placeamus,
1283 1731 1362 1788 non
1374 1701 1447 1784 mi·

199 1811 273 1899 nus
299 1808 512 1895 restefines
527 1805 645 1892 nostri
656 1803 860 1909 habentur,
881 1807 998 1920 quim
1011 1810 1210 1908 intrinseca
1225 1815 1287 1894 illa
1305 1811 1447 1921 cuique

203 1922 376 2008 foeiicitas
390 1920 467 2030 qna
481 1915 699 2003 formaliter
712 1915 885 2002 beamur.
915 1919 998 2028 Ipsa
1012 1917 1158 2005 interna
1178 1919 1340 2028 cujusvis
1355 1921 1447 2002 bea·

193 2019 1033 2140 ‘timdononalidrationemihifiniscujuiq5
1056 2031 1315 2128 videturdici,
1329 2031 1447 2142 qudm

203 2163 392 2254 quatenus
405 2137 488 2244 ejus
510 2158 636 2246 partes
660 2134 891 2221 omnessn'nt
907 2131 1064 2225 effecius
1079 2139 1240 2252 quidam
1258 2141 1307 2228 ad
1361 2169 1444 2244 uos,

190 2254 315 2334 ‘velut
339 2247 561 2360 praestitutos
585 2263 760 2330 motuum
797 2251 997 2350 terminos,
1023 2251 1185 2338 artiones
1219 2251 1260 2336 8(
1287 2281 1308 2334 a
1342 2247 1446 2334 estus

202 2357 359 2448 nostrii
382 2365 532 2445 ratione
548 2355 776 2468 diriguntur.
814 2356 902 2442 Nec
918 2357 1349 2470 uliaprorsusestcauffi
1391 2359 1446 2446 ud

201 2469 324 2556 minus
339 2467 527 2580 ejusmodi
542 2467 695 2550 aduset
710 2463 865 2552 affedus
888 2469 958 2660 qui
982 2471 1030 2554 ad
1045 2467 1304 2556 atioseffettns
1319 2391 1447 2555 veiuti

201 2583 385 2666 terminos
406 2577 590 2691 quosdam
613 2599 723 2660 extra
747 2605 819 2666 nos
845 2603 985 2689 portos
1005 2579 1202 2664 abeodem
1225 2577 1374 2666 ratione
1388 2578 1447 2664 di·

200 2697 391 2804 riguntut,
411 2686 545 2772 eadem
557 2685 608 2770 de
620 2685 725 2770 causa
738 2689 852 2772 Fines
864 2685 1054 2774 dicantur.
1086 2693 1214 2776 Porro
1229 2689 1329 2774 inter
1353 2683 1449 2776 fines
1583 2685 1587 2694 ’

201 2799 417 2910 hujusmodi
438 2801 474 2881 is
483 2797 623 2882 meritd
646 2803 859 2920 praecipuus
872 2799 1027 2900 dicitur,
1046 2802 1157 2908 cnjus
1174 2799 1447 2888 confidetatio·

200 2937 254 2997 ne
280 2911 459 3036 libenter,
486 2909 508 2990 ὲ
532 2905 740 2992 necessario
756 2909 916 2992 rationis
931 2936 1030 2994 verae
1046 2911 1285 3026 praescripto,
1305 2913 1449 2998 limita«

202 3049 284 3107 mus
303 3039 546 3130 operattones
559 3015 704 3102 nostras
726 3015 825 3101 circa
838 3019 936 3103 alios
947 3017 1317 3131 finesquoscunque,
1331 3021 1447 3107 etiam

201 3134 287 3222 illos
307 3131 376 3241 qui
390 3125 436 3212 ad
461 3126 624 3212 nostram
637 3125 877 3210 foelicitatem
891 3123 1066 3237 speciant.
1115 3129 1151 3212 A
1173 3125 1448 3214 consideratio·

203 3269 254 3328 tte
280 3265 411 3326 autem
433 3237 659 3322 Communis
681 3235 776 3322 boni
796 3239 904 3320 velut
925 3237 1061 3349 integri
1074 3239 1114 3320 8(
1140 3235 1328 3346 adaequati
1345 3234 1447 3337 finis,

204 3351 419 3462 nostraeque
447 3347 659 3434 soelicitatis
681 3349 788 3430 velut
801 3347 946 3457 exiguae
969 3347 1141 3456 ejusdem
1166 3351 1296 3457 partis,
1320 3347 1447 3431 deter-

206 3463 389 3546 minamus
421 3485 552 3543 omnes
588 3455 838 3567 operationes
862 3483 944 3568 quae
972 3455 1146 3543 nosmet-i
1175 3455 1232 3542 sos
1265 3455 1443 3568 spectant.
1528 3525 1534 3538 .

206 3571 312 3683 Ergo
333 3569 554 3657 Commune
574 3569 723 3652 Bonum
747 3573 977 3677 praecipuum
998 3566 1112 3651 tinem
1133 3489 1293 3654 idcimds
1316 3569 1448 3682 inme·
1687 3567 1688 3574 ‘

90 3681 96 3692 '
204 3683 332 3768 thodo
343 3707 457 3790 quam
469 3677 674 3763 actionibus
687 3675 860 3762 humanis
875 3677 938 3760 nte
950 3669 1228 3790 praescribimus.

259 3792 419 3876 Minoris
441 3789 623 3897 probatio
646 3785 841 3870 manifesta
861 3784 917 3872 est
933 3791 972 3869 in
997 3790 1044 3870 iis
1069 3816 1153 3900 quae
1178 3791 1307 3898 capite
1323 3789 1449 3902 primo

203 3903 417 4002 docuimus,
429 3901 495 3984 ubi
507 3897 717 3981 mensutam
730 3895 923 3981 bonorum
936 3897 1143 4009 unicuique
1162 3901 1355 4010 propriam
1367 3927 1449 3984 non

204 4013 317 4098 aliter
341 4005 668 4094 determinandam
697 4003 773 4086 effe
794 4005 1030 4094 ostendimus
1053 4009 1170 4116 qudm
1191 4039 1260 4118 per
1282 4034 1446 4116 propor-

205 4123 365 4228 tionem,
379 4147 493 4234 quam
505 4117 670 4233 quisque
692 4113 862 4206 nosttittn
884 4113 1017 4223 haber,
1041 4116 1089 4203 'ad
1104 4115 1264 4238 systema
1279 4117 1446 4303 ompiunt

1195 4243 1340 4307 tattone
1356 4249 1449 4324 tum,
