3400 4566
303 192 404 346 ,315
532 201 596 304 De
623 143 1398 342 LegeNatumeejusqueobligatione.¹¹

304 388 447 484 centia,
471 373 720 492 gratitudine,
741 367 835 484 fide,
858 373 900 454 bt
915 365 1165 463 humanitate,
1178 362 1403 474 caeterisque
1424 349 1549 454 virtu·

305 499 413 582 tibus
433 495 520 600 lege
533 483 694 572 naturali
707 475 945 590 praescriptis,
964 473 1115 585 quinti
1130 475 1332 572 violentia,
1347 474 1550 582 iugratitu-

299 609 418 706 dine,
438 595 614 714 perfidia,
639 589 819 702 vitiisque
832 583 994 691 caeteris,
1007 584 1154 668 ibidem
1169 582 1308 681 veritis,
1331 607 1375 664 ut
1390 585 1550 670 hocve·

306 719 365 800 lut
392 709 555 797 naturali
578 701 752 814 praemio,
779 727 824 780 ac
852 696 1055 780 contrariis
1076 694 1198 790 malis,
1221 693 1327 773 velut
1352 697 1478 802 poenis
1498 715 1549 781 ex

306 825 388 934 ipsa
412 821 611 906 hominum
635 833 768 896 natura
786 805 926 890 talibus
942 801 1087 886 artibus
1111 804 1267 885 annexis
1289 807 1328 885 8<
1343 804 1550 889 accidenti-

208 973 211 991 ·
307 935 382 1016 bus
401 927 603 1012 intrinsecae
626 917 813 1008 soelicitati
826 944 907 1027 quae
931 915 968 995 in
990 915 1139 996 virtute
1159 913 1397 1020 continetur,
1419 915 1552 1001 ciaribs

306 1039 527 1126 iunotescat
545 1035 738 1140 obligatio
760 1027 940 1118 naturalis
962 1021 1012 1103 ad
1040 1045 1237 1105 externam
1251 1019 1552 1131 hislegibusob-
1600 1067 1604 1074 ·

299 1149 537 1250 ,servantiam
551 1138 811 1252 praestandam.
869 1130 1134 1241 conspicimus
1146 1132 1374 1232 innumeros,
1387 1160 1552 1244 quorum

204 1305 208 1312 -
310 1260 406 1344 nihil
418 1250 725 1370 plane,interest,
738 1247 785 1330 ad
799 1267 1004 1330 commune
1016 1238 1233 1324 incendium
1250 1239 1554 1352 restinguendum
1598 1311 1601 1316 .

310 1370 445 1480 sponte
480 1367 561 1475 sui,
584 1361 723 1469 absque
748 1357 824 1438 ulia
849 1356 974 1460 legum
1002 1351 1190 1434 Civilium
1213 1353 1282 1451 vi,
1310 1379 1554 1437 concurrere.

312 1475 575 1582 Conspicimus
595 1471 715 1552 indies
728 1463 942 1561 mendacia,
955 1458 1121 1561 fraudes,
1133 1459 1209 1542 vim
1222 1461 1461 1546 tenuioribus
1473 1461 1556 1546 illa·

310 1612 390 1670 tam
412 1583 555 1666 etiamsi
570 1583 612 1662 in
639 1579 727 1664 soro
750 1574 872 1656 Civili
891 1570 1390 1682 nequaquamdetegantur,
1417 1573 1554 1656 nedum

312 1697 536 1887 puniantur,
564 1687 664 1772 adeb
680 1681 829 1782 exosos,
850 1679 946 1788 saepe
961 1681 1075 1762 etiam
1089 1701 1330 1788 contemptos
1354 1679 1559 1792 miserosq3

296 1797 303 1902 ¹,
341 1803 486 1890 omines
500 1797 677 1898 reddere,
701 1819 745 1876 ut
758 1791 835 1901 ipsa
855 1790 1081 1896 ignominia,
1106 1815 1268 1916 quaque
1282 1788 1560 1902 indesequun·
1687 1867 1690 1888 ,

314 1941 376 1998 tur
400 1907 590 2019 angustiae,
614 1905 818 1989 amicorum
836 1900 1021 2008 inopiain
1044 1898 1320 2007 poenrsmeritb
1344 1898 1556 1985 censentur.

298 2028 411 2118 ,Non
435 2020 526 2106 rarb
550 2019 671 2115 etiam,
693 2011 942 2119 contingit,ut
959 2007 1014 2091 ilii
1034 2035 1199 2118 quornm
1216 2006 1365 2117 flagitia
1381 2037 1450 2092 eos
1463 2038 1560 2118 ero·

315 2135 372 2217 sos
398 2125 630 2216 meritissime
646 2125 834 2219 fecerunt,
855 2119 954 2202 mori
1010 2117 1228 2226 raetulerint,
1253 2118 1373 2226 quim
1401 2119 1560 2204 infames

315 2243 475 2336 viveres
505 2235 649 2346 aliique
670 2232 835 2341 (animo
859 2227 944 2310 satis
976 2147 1367 2335 determinantia
1396 2231 1560 2313 vitanda

316 2355 427 2434 causi
453 2345 489 2429 se
515 2346 537 2429 *a
559 2341 682 2426 multis
701 2338 854 2452 flagitiis
877 2339 1129 2422 contineant:
1159 2339 1245 2420 Pari
1268 2339 1385 2418 etiarn
1407 2342 1561 2425 ratione

316 2459 520 2547 observare
531 2455 617 2538 licet
630 2446 907 2535 observantiam
925 2445 1091 2555 Legibus
1107 2446 1343 2546 naturalibus
1356 2447 1562 2556 praestitam

318 2572 369 2652 ab
390 2572 555 2668 honore,
578 2587 695 2674 quem
711 2561 892 2669 plerique
905 2555 1010 2640 nullo
1023 2555 1149 2664 legum
1163 2553 1347 2639 civilium
1364 2557 1469 2662 juffu
1493 2559 1561 2643 bo·

318 2683 375 2761 nis
389 2675 544 2760 deserte
565 2671 701 2768 solent,
725 2669 947 2752 Honestatis
961 2693 1102 2749 nomen
1121 2665 1223 2773 apud
1241 2667 1426 2751 Ethnicos
1440 2668 1563 2751 adbuc

298 2791 525 2890 Romanos,
551 2775 772 2864 obtinuisse.
825 2779 1103 2886 innumerique
1136 2776 1219 2859 sunt
1245 2778 1455 2861 commoda
1479 2807 1561 2890 quae

320 2893 465 3002 absque
477 2889 716 2972 authoritate
738 2886 879 2992 legum,
908 2881 990 2970 solo
1007 2885 1254 2992 privatorum
1271 2886 1450 2995 arbitrio,
1462 2916 1563 2997 quo·

275 3001 417 3112 ..fldie
449 2999 668 3085 tribuuntur
692 2991 974 3098 innocentibus,
996 2995 1131 3103 gratis,
1159 2991 1258 3094 fidis,
1285 2996 1565 3108 benevolisque

317 3111 449 3223 potibs
486 3107 600 3220 quim
630 3103 813 3214 improbis
837 3105 996 3216 (qualia
1028 3105 1111 3186 sunt
1140 3107 1351 3188 contradus
1377 3109 1565 3216 mandati,

297 3217 658 3332 {oppignorationis
686 3214 823 3298 mutub
843 3214 935 3315 dati,
949 3211 1233 3326 societatisque,
1245 3218 1427 3300 executio
1451 3217 1568 3300 testa·

319 3341 552 3429 mentorum,
569 3335 610 3412 8<
622 3323 798 3408 successio
810 3323 848 3403 in
862 3325 964 3405 bona
977 3321 1184 3432 defundu)
1199 3326 1322 3432 eique
1335 3323 1421 3407 satis
1434 3327 1566 3411 osten·

321 3439 420 3522 dunt
446 3463 590 3543 pronos
614 3433 691 3516 esse
713 3434 886 3517 homines
907 3433 955 3515 ad
977 3431 1210 3540 probitatem
1235 3439 1564 3520 remunerandam.

296 3541 300 3550 “
320 3551 389 3630 De
420 3545 658 3629 Civitatibus
680 3565 804 3624 autem
829 3541 1002 3642 diverfis,
1023 3569 1106 3652 quae
1136 3537 1396 3651 persediffime
1421 3546 1566 3630 suntin

319 3657 419 3740 statu
449 3655 621 3752 Natura,
645 3647 884 3736 manifestum
912 3649 968 3732 est
1006 3649 1079 3760 (r)
1105 3677 1324 3765 quanquam
1351 3655 1564 3767 aliquando
1605 3707 1613 3718 ·

319 3767 420 3848 iuter
445 3793 509 3848 eas
534 3763 634 3845 bella
654 3763 895 3869 contingant,
921 3789 965 3842 ea
987 3785 1204 3844 tamennon
1219 3761 1564 3874 ideoesseutrinq3

319 3873 414 3986 justa
431 3873 543 3981 (vide
568 3875 684 3956 Grot.
701 3873 845 3980 dejure
858 3867 940 3954 hefft
959 3874 1039 3954 Lib.
1058 3895 1097 3954 2.
1115 3905 1146 3954 c.
1166 3870 1229 3976 1.)
1250 3871 1376 3981 idque
1400 3899 1567 3985 utraque

295 3979 303 4098 J
351 4011 410 4065 ars
432 3985 532 4065 bella
554 3983 767 4089 gerentium
783 3979 941 4080 fatetur,
969 4007 1190 4092 quanquam
1207 3981 1284 4065 uni
1298 3983 1444 4068 tantiam
1464 3985 1565 4096 juste

320 4015 465 4182 bellum
487 4093 677 4204 suscipere
694 4087 845 4200 potest:
863 4095 914 4179 ’ὃς
941 4089 1013 4201 (a)
1030 4089 1219 4203 quodhic
1237 4096 1406 4180 maxime
1422 4097 1566 4210 speda·
1690 4131 1691 4148 Ν

908 4237 911 4248 ’
1304 4263 1307 4268 -
1489 4230 1568 4306 tur,
1689 4203 1691 4232 ¹
