3392 4572
324 159 389 258 De
415 83 654 258 virtutibus
682 150 923 282 Moralibur
938 151 1187 291 figillatim.
1315 191 1405 297 375

164 329 272 412 cacia
291 327 484 413 causarum
514 323 703 430 ejusmodi
725 352 1000 438 corporearum
1034 325 1083 408 ad
1112 323 1409 434 productionem

162 433 547 544 suorumeffeiiorum
559 437 599 518 in
619 464 789 544 corpore
811 438 982 520 animato
1007 440 1132 520 omnis
1156 433 1411 544 Physrologiae

164 551 205 630 δι
232 543 935 654 Diaeteticaecertitudoproficiscirur5
966 549 1110 652 pariter
1132 545 1412 648 abimmutabi·

163 659 190 740 li
213 653 412 740 influentia
426 657 574 742 situum
598 656 852 738 humanorum
866 659 906 738 in
919 652 1264 752 conservationem,
1282 677 1346 738 aut
1371 652 1412 738 in

164 767 435 849 detrimentum
462 765 691 874 singulorum
719 765 932 864 hominum,
968 761 1216 864 familiarum·
1256 764 1409 846 Civita-

149 899 261 984 tum,
279 873 545 984 Gentiumque
567 872 828 958 universarum
853 875 1031 981 provenit
1067 875 1188 958 omnis
1211 873 1409 958 certitudo

165 983 469 1096 propositionum
482 986 827 1096 pradicarum,quae
844 985 967 1091 Leges
978 985 1059 1068 sunt
1074 985 1294 1085 Naturales,
1304 1007 1408 1092 quae·

99 1093 105 1102 ’
164 1123 239 1208 que
265 1097 453 1180 Moralem
465 1091 699 1176 constituunt
727 1092 1029 1202 Philosophiam,
1053 1104 1094 1187 δι
1118 1095 1298 1208 virtutum
1323 1119 1406 1174 om·

27 1271 31 1280 .
165 1233 268 1290 nrum
307 1229 480 1289 naturam
511 1201 778 1286 determinant.

216 1317 345 1400 Porro
353 1317 515 1398 varietas
527 1313 713 1397 actionum
726 1341 809 1424 quae
823 1311 1268 1425 hominibuspraecipitur
1285 1317 1325 1398 in
1338 1347 1408 1400 va·

163 1427 230 1509 riis
256 1453 390 1508 eorum
411 1422 712 1522 conditionibus,
725 1421 906 1529 Familiis,
920 1422 1174 1524 Civitatibus,
1185 1425 1405 1538 caterisque

163 1529 667 1640 circumstantiisnonmagis
692 1555 884 1641 repugnat
903 1531 1128 1632 neceffariae,
1151 1535 1405 1624 &constanti

165 1673 266 1756 cprae
294 1673 423 1728 omnes
448 1672 544 1754 quas
576 1641 670 1752 saepe
694 1642 862 1728 diximus
881 1637 967 1723 finis
990 1645 1133 1752 optimi
1157 1669 1285 1754 partes
1310 1677 1415 1732 con·-

111 1831 115 1838 .
163 1753 337 1838 servandi
359 1758 399 1838 &
428 1751 663 1864 perficiendi,
681 1752 798 1860 quam
825 1750 1017 1836 diverfitas
1035 1753 1169 1836 Diaetae
1191 1757 1233 1840 in
1248 1753 1416 1842 diverfie·

164 1863 402 1976 regionibus,
418 1861 601 1960 aetatibus,
629 1867 670 1945 8<
702 1861 1008 1968 temperamentis
1034 1863 1244 1946 hominum
1265 1893 1404 1975 repug·
1481 1885 1484 1892 ’

164 1997 232 2058 nat
251 1971 443 2059 constanti
480 1975 653 2058 omnium
678 2001 777 2056 curae
801 1967 946 2080 ubique
986 1973 1113 2056 omnia
1137 1973 1202 2054 sua
1233 1977 1403 2058 membra

164 2083 425 2180 nutriendi,&
451 2083 598 2191 ubique
611 2077 860 2167 satisfaciendi
873 2081 1107 2164 naturalibus
1119 2079 1414 2168 neceffitatibus.

163 2191 302 2279 samem
316 2189 491 2302 uimque
510 2191 678 2292 arcendi,
705 2189 873 2278 somnum
888 2188 1082 2302 capiendi,
1095 2188 1308 2294 exercitiis,
1321 2223 1414 2280 ·ve·:

164 2303 306 2390 neri&
326 2295 522 2388 affinibus
547 2303 701 2394 modum
718 2299 1002 2412 praescribendi,
1029 2307 1137 2406 juxta
1164 2326 1308 2390 narurae
1323 2332 1410 2394 ,cu-1

163 2412 302 2524 jusque
326 2411 567 2522 exigentiam.
626 2413 776 2496 Scilicet
789 2415 828 2494 in
850 2409 923 2513 hisg
937 2433 981 2494 ur
1010 2409 1046 2492 in
1058 2411 1172 2496 rebus
1191 2413 1239 2498 ad
1253 2413 1401 2496 bonum

164 2511 357 2630 pubiicum
372 2523 600 2623 necessariis,
622 2550 703 2606 non
724 2519 920 2634 poffumus
941 2549 1015 2631 pro
1039 2519 1409 2632 arbitrioquidlibet

164 2631 316 2744 agendo
339 2629 652 2750 finemaflffequi:
681 2633 756 2715 Sed
783 2632 927 2716 limites
950 2630 1132 2740 quosdam
1155 2627 1241 2714 finis
1264 2654 1421 2714 natura.

164 2743 407 2844 determinat,
430 2769 665 2853 quamquam
690 2741 910 2826 Intellectus
920 2739 1050 2826 noster
1074 2742 1123 2823 ad
1147 2739 1295 2828 a'ntnne·
1317 2771 1412 2830 man

164 2851 406 2936 thematicam
430 2859 470 2938 in
492 2851 550 2934 his
575 2847 795 2959 affigoandis
820 2881 897 2936 non
924 2855 1140 2962 perveniat.
1180 2851 1276 2938 Satis
1294 2881 1411 2936 com-v

162 2961 278 3050 mode
301 2961 421 3044 vitam
446 2959 612 3047 nostram
635 2987 808 3044 curamus
828 2962 920 3060 fine,
935 2957 1105 3046 Leffiana
1132 2963 1410 3048 alimentorum

162 3069 462 3199 ponderatione:
493 3079 535 3158 &
569 3075 683 3156 Bono
704 3073 848 3181 paritet
874 3073 1067 3154 communi
1081 3097 1154 3180 pro
1176 3073 1280 3153 virili
1306 3072 1403 3154 vere

162 3180 395 3280 inservimus,
417 3179 481 3268 etsi
494 3183 599 3292 quod
615 3183 769 3290 praecise
790 3184 980 3288 optimum
1007 3179 1061 3262 est
1075 3181 1115 3260 in
1141 3177 1292 3289 singolis
1311 3179 1403 3264 cati«,

162 3291 325 3378 busnon
347 3295 559 3398 poterimus
581 3289 752 3401 affequi3
778 3287 936 3374 fimodo
961 3289 1014 3390 id,
1036 3291 1275 3400 quantumin
1289 3291 1402 3378 nobis

164 3397 240 3497 est,·
256 3399 295 3483 in
310 3399 410 3484 daris
432 3397 737 3484 Circumstantiis
765 3397 912 3510 affequi
936 3425 1134 3484 conemur.

217 3509 443 3596 Addendum
456 3507 519 3594 bic
543 3507 635 3592 iliud
649 3510 800 3608 censeo,
814 3511 1032 3592 Commune
1057 3511 1208 3596 Bonum
1233 3506 1408 3593 rationa-¹

160 3617 256 3708 lium
270 3621 457 3722 omnium,
471 3618 613 3727 eoipso
665 3617 746 3726 uod
776 3619 966 3704 bonorum
990 3617 1408 3704 omniumnaturalium·

162 3727 221 3814 est
237 3725 425 3811 Colleuio
449 3727 625 3838 adeoque
637 3649 796 3812 donum
815 3728 1048 3837 maximum,-
1073 3731 1158 3813 effe·
1177 3726 1409 3837 aptiffimam.

161 3835 372 3924 mensuram
386 3841 408 3924 it
423 3861 558 3920 natura
579 3833 880 3938 determinatam,
892 3859 935 3918 ut
956 3839 1283 3946 {comparatione
1308 3837 1403 3920 alio«
1429 3909 1439 3928 ‚

161 3957 248 4056 rum
261 3947 457 4034 bonorum
479 3943 651 4030 cumhoc
680 3947 937 4056 pronunciare
949 3949 1042 4032 vere
1057 3946 1252 4058 possirnus,
1263 3975 1317 4028 an
1335 3943 1401 4028 illa

158 4055 590 4180 magnastntanparvas
612 4055 1183 4172 adeoqueansummoperefint
1209 4079 1404 4246 expergita
1454 4085 1463 4104 ·

350 4229 356 4238 .
1354 4187 1430 4270 a,··,
