3418 4568
347 223 399 286 ra
736 176 798 278 De
837 171 1015 275 Natura
1047 173 1215 277 Rerum.

336 347 527 433 tradendis
556 347 651 430 nihil
675 345 829 430 dicere:
859 349 1091 452 Qranquant
1115 343 1438 456 eorumpraecipui
1454 345 1562 434 finem

335 461 451 566 longia
485 453 751 542 nobilissimum
788 451 1073 563 diligentissime
1113 453 1409 566 prosequuntur.
1470 461 1562 544 Pto·

336 569 500 677 politum
525 568 628 650 enim
651 564 705 646 est
720 565 790 676 illis
813 563 1104 669 omnigenorum
1118 592 1325 672 corporum
1341 567 1380 648 dt
1396 589 1563 651 motuum

335 681 503 762 tationes
523 676 767 782 investigate,
790 673 893 754 unde
917 675 958 754 dt
981 674 1109 755 omnia
1143 701 1226 782 quae
1248 673 1377 756 mita-ri
1409 673 1562 760 stlemus

334 811 476 868 naturae
502 787 770 882 Phanomena,
793 785 833 864 dt
851 779 1025 864 utilillimi
1044 781 1082 863 in
1098 779 1173 862 vita
1186 782 1382 867 hominum
1398 813 1563 870 commu·

335 897 372 978 ni
384 892 798 978 Essedon-exoriuntur.
813 891 1005 975 Contenta
1025 890 1173 973 interim
1195 891 1252 974 est
1266 893 1450 978 Mathefis
1468 901 1562 980 Uni·

1662 917 1664 956 l

334 1005 486 1088 versalia
512 1004 685 1112 (qualem
700 1000 800 1082 illam
823 1003 861 1084 in
890 1000 1117 1085 Geometria
1143 999 1204 1082 sua
1231 1001 1564 1118 Cartestus‚cjulqt
1663 1065 1664 1070 a

335 1107 984 1218 commentatorestradiderunt)id
996 1109 1143 1194 tantiam
1165 1114 1205 1192 in
1218 1111 1467 1222 principioad
1484 1115 1562 1199 suo·

333 1253 413 1305 rum
425 1222 727 1304 Theorematum
743 1223 944 1302 veritatem
957 1217 1216 1304 stabiliendam
1243 1219 1562 1334 brevitersuggc·

332 1361 436 1442 tere,
473 1335 695 1441 omnigenas
741 1331 908 1413 tationes
944 1331 1150 1414 tectarum
1186 1360 1265 1438 ope
1299 1359 1393 1521 puas
1422 1335 1563 1418 ducere
1595 1435 1599 1444 ι

329 1441 520 1553 possumus
544 1440 718 1525 exhiberi
749 1438 875 1548 polle,
903 1441 1102 1550 ignotisqt
1127 1439 1149 1522 ὲ
1173 1441 1398 1550 quibudam
1423 1442 1564 1526 sacilila

331 1553 429 1633 notit
461 1553 715 1648 calculatione
741 1547 984 1633 Geometticd
1019 1578 1097 1633 non
1128 1549 1338 1634 admodum
1367 1551 1562 1636 difficulter

289 1669 292 1678 '
329 1659 564 1770 investigari.
620 1659 842 1770 specialiter
861 1681 990 1768 autem
1003 1655 1196 1744 monetad
1216 1660 1563 1773 Lineasquaequae-

269 1767 274 1792 ¹
328 1793 462 1854 runtut
492 1769 754 1880 praeparandas
764 1791 807 1852 ut
832 1767 995 1878 cognitae
1005 1765 1114 1868 fiant,
1128 1767 1218 1850 nihil
1232 1771 1332 1855 aliud
1349 1773 1564 1858 laciendum

328 1876 406 1962 esse
430 1880 545 1991 qu'atn
568 1900 616 1961 ut
636 1879 736 1964 inter
759 1877 796 1962 se
824 1878 1004 1988 quadam.
1033 1876 1238 1990 addantur,
1278 1877 1561 1982 subtrahantur,

300 2053 303 2060 .
328 1989 642 2098 multiplicentur,
666 2015 734 2073 aut
758 1987 997 2087 dividantur,
1024 2015 1068 2070 ac
1090 1987 1256 2072 tadicum
1282 1989 1562 2076 extinctionem

197 2135 200 2142 ·
325 2101 404 2210 qud
429 2099 619 2208 praecipue
644 2101 829 2183 utendum
855 2097 923 2180 est·
931 2127 1003 2208 pro
1029 2097 1226 2180 Dvistoois
1248 2096 1372 2208 specie
1396 2101 1560 2210 quadam

325 2203 575 2331 'reputandam
605 2207 692 2290 ell'e.
749 2209 884 2314 Longi
907 2205 1085 2314 paraenest
1112 2205 1161 2287 ad
1194 2234 1408 2293 accuratam
1434 2237 1560 2294 rerum

320 2325 617 2423 ¹omnigenarum
637 2315 896 2424 cognitionem
921 2341 969 2395 ex
994 2341 1127 2396 earum
1152 2316 1366 2400 rationibus
1391 2322 1496 2406 inter
1527 2317 1560 2400 se

326 2425 472 2508 collatis
485 2422 783 2533 investigandam
797 2452 874 2508 non
887 2421 1017 2524 utitur,
1030 2421 1123 2507 licet
1134 2422 1162 2505 is
1183 2423 1266 2530 ejus
1294 2425 1389 2509 Finit
1403 2427 1447 2510 lit
1472 2453 1556 2540 prae·

326 2535 485 2644 cipuus3
513 2532 574 2618 led
601 2561 685 2618 eam
708 2539 749 2620 8<
777 2535 908 2672 perse
930 2533 1188 2645 expetendam
1212 2531 1302 2635 else,
1327 2539 1368 2622 ὃ(
1404 2539 1454 2622 ad
1480 2541 1558 2621 vitae

325 2647 411 2728 usus
435 2647 602 2753 optimos
631 2648 836 2754 plurimum
862 2643 987 2730 lacere
1021 2641 1129 2753 posse
1152 2643 1342 2754 supponit.
1400 2647 1499 2732 Satis
1525 2641 1558 2729 se

324 2751 449 2839 officio
469 2753 534 2836 suo
558 2751 727 2836 sunllum
755 2753 864 2840 luisse
885 2775 1075 2864 autumat,
1101 2753 1127 2835 s
1160 2756 1292 2861 paucis
1315 2753 1556 2857 indicaverit,

322 2863 525 2971 quomodo
549 2861 768 2968 hujusmodi
788 2865 1041 2974 operationes·
1059 2860 1126 2948 ad'
1143 2868 1436 2972 omnigenorum
1466 2871 1557 2950 Pro·

250 2969 253 2977 '
323 2974 530 3057 blematum
543 2973 771 3099 solutionem
782 2971 1034 3101 applicentur.
1090 2973 1555 3085 Nccquicquamsuaeve·
1616 3081 1619 3088 Ι
1663 3051 1664 3070 t

321 3080 462 3192 sitatis,
478 3084 750 3191 aut-dignitatis
763 3105 1001 3166 rmmrnutum
1014 3078 1072 3166 tri„
1084 3077 1478 3198 existimauspletiqg
1491 3088 1555 3168 hu·

320 3191 485 3298 jusmodi
499 3195 733 3302 monitis-per
745 3191 1336 3304 imperitiam-autignauiam-uti
1353 3195 1555 3296 noluerint,

321 3326 387 3384 aut
410 3309 910 3410 caconentutimpugnare.
968 3297 1163 3386 Pariterse
1187 3303 1374 3388 rcahabet
1399 3307 1438 3386 in
1452 3305 1553 3388 disci·

320 3413 422 3530 plina
436 3439 682 3523 morumquae
702 3413 864 3521 Legibus
877 3411 1284 3496 Natutaecontlnetut.
1343 3415 1397 3496 Ea
1411 3418 1555 3527 quippe

318 3541 404 3601 tota
418 3523 592 3604 versatur
605 3525 643 3604 in
661 3519 889 3604 aellimandio
905 3521 1126 3611 rationibus,-
1139 3525 1280 3607 virium
1307 3522 1552 3608 humanatum

319 3627 580 3714 adcommune
592 3629 1553 3824 Bonum=Entium·Rationaliumquicpstpamfacien·
1663 3615 1664 3646 ³

1311 3771 1324 3824 ι
1355 3747 1464 3828 ilium
1491 3771 1552 3823 va·
1641 3823 1643 3833 .

317 3739 426 3838 tium,
455 3769 539 3851 quae
554 3741 867 3851 quidemoatittot
880 3743 918 3822 in
945 3743 1213 3826 omnicasuum
1228 3773 1281 3851 po

225 3909 229 3916 -
318 3851 482 3936 rietatet
511 3850 698 3961 meritoq5
720 3853 798 3934 dici
812 3847 924 3959 possit
936 3853 1082 3936 muneri
1096 3851 1426 3963 nonatum-isse,
1447 3853 1471 3937 st
1489 3849 1552 3934 ini·

314 3959 600 4042 fistffifflfflfflm·
615 3961 762 4042 dixerit
786 3958 1313 4049 Benevolemitdttiufiffimt
1339 3993 1407 4065 eas,
1424 3987 1551 4052 omnes
1663 3947 1664 3992 ³

316 4061 631 4182 comprehendit
652 4067 783 4180 polica
798 4069 1087 4159 uetoosttndtt
1110 4069 1298 4183 figillatim
1311 4076 1461 4162 Rerum
1472 4098 1550 4158 om·

1450 4185 1561 4267 niumt

1662 1103 1664 1198 l
