3392 4572
677 157 955 292 Confisiaria.
1202 213 1204 220 ⁴
1326 171 1414 309 381
1497 233 1503 244 ·

181 353 269 412 num
294 325 526 429 Commune,
546 325 638 412 inde
660 331 913 438 intelligiturt
943 327 1050 440 qnod
1071 331 1172 416 hunc
1192 329 1308 418 finem
1333 363 1422 444 per·

179 433 370 524 settiffime
385 433 460 518 affe
489 437 526 517 ui
540 433 651 542 possit
667 442 705 519 8(
728 445 822 522 velit
836 441 899 522 ille
922 442 1103 548 solusqui
1124 441 1304 549 t‘aptentit
1326 474 1420 556 prae·

179 546 281 628 ditus
302 545 356 628 est
387 465 648 654 persedisiimi
667 545 748 630 finis
777 549 887 656 hujus
909 578 1039 632 omnes
1068 577 1196 666 partes
1221 556 1263 636 8(
1298 554 1420 636 medin

85 731 87 734 ,
178 652 361 768 aptisiima
382 653 753 765 comprehendente,
780 663 820 742 8(
842 663 1044 742 voluntate
1076 657 1189 742 finem
1218 660 1418 770 optimum,

93 820 109 830 -
178 765 385 876 mediique
404 765 570 847 maxime
584 765 719 848 idonea
743 792 903 876 propter
919 768 1156 850 intrinsecam
1176 771 1421 880 cumsapien·
1536 799 1538 804 ’

177 878 231 958 tia
256 873 492 956 harmoniam
516 873 663 980 semper
685 879 952 984 amplectente,
981 880 1021 958 8(
1047 882 1226 989 potentii
1251 879 1418 992 denique

177 1005 265 1096 quae
284 989 322 1066 in
338 981 474 1090 iiaqttae
494 981 755 1091 sapientisstma
770 987 949 1072 voluntas
964 986 1081 1096 elegit
1093 989 1309 1097 praestandis
1324 1019 1418 1073 nun-

176 1120 290 1214 quam
313 1091 483 1178 deficiat.
564 1103 568 1112 '

232 1205 271 1300 8.
287 1203 333 1282 Π.
368 1201 537 1307 Cognita
568 1223 692 1286 autem
715 1230 764 1284 ex
797 1201 855 1286 his
880 1201 1142 1304 naturalibus,
1161 1229 1287 1318 atque
1316 1207 1417 1310 oded

173 1315 322 1400 aeternis
349 1309 427 1390 Dei
444 1311 736 1416 petsefflonibus
759 1310 829 1394 nte
850 1309 1072 1396 neceffitate
1087 1315 1261 1398 Dominii
1274 1317 1418 1402 Divini

173 1421 220 1507 in·¹
232 1420 368 1504 ordine
384 1421 431 1502 ad
445 1419 677 1520 Commune,
701 1423 809 1530 quod
835 1423 1017 1504 summum
1036 1421 1104 1525 est,
1132 1427 1296 1526 Bonum,
1322 1453 1414 1534 cog·

174 1531 342 1616 noscitur
367 1530 448 1611 Lex
474 1529 646 1612 naturalis
668 1531 761 1611 ittud
777 1532 811 1610 ei
834 1531 1009 1612 tribuens
1030 1531 1234 1616 secundum
1259 1565 1303 1616 ea
1329 1564 1415 1644 quae
1516 1595 1519 1602 ·

176 1639 336 1722 antehac
348 1639 616 1746 explicuimus.
643 1637 888 1722 Manifestum
900 1639 999 1720 enim
1013 1639 1265 1730 estrationem
1279 1645 1416 1727 renam

173 1751 360 1834 Divinam
384 1747 406 1854 (
446 1777 501 1830 uae
521 1749 603 1829 Lex
624 1747 793 1856 quaedam
817 1748 872 1828 est
895 1751 927 1830 ei
946 1751 1174 1856 Naturalis)
1196 1752 1245 1834 ab
1270 1777 1416 1838 aterno

174 1861 266 1944 iilud
284 1859 350 1940 srbi
371 1777 527 1941 initum
540 1853 655 1938 finem
677 1855 917 1938 assumturam
943 1855 1048 1955 esse5
1077 1863 1116 1942 8(
1138 1863 1324 1944 rationem
1352 1891 1414 1944 re·

174 1971 270 2054 siam
294 1969 493 2049 humanam
512 1961 598 2050 ciani
620 1963 781 2076 primum
808 1965 946 2066 existit,
970 1971 1010 2050 &
1038 1967 1114 2056 hoc
1139 1971 1319 2078 percipit,
1346 1998 1414 2051 ne·

172 2076 341 2161 cessarin
372 2070 628 2158 consensuram
660 2073 766 2164 effer
792 2078 942 2186 quippe
973 2077 1156 2184 quamdiu
1181 2079 1415 2179 rediaest‚it

171 2188 326 2272 ratione
352 2185 503 2289 Divina
540 2189 674 2293 nequit
707 2181 913 2268 dissentire.
971 2185 1227 2280 Dardautem
1258 2189 1344 2298 iege
1363 2189 1414 2272 de

171 2295 416 2408 agnoscendo
439 2291 699 2378 hoedominio
721 2293 889 2403 Divino,
899 2293 1038 2376 dantur
1060 2297 1167 2405 leges
1183 2300 1416 2407 imperantes

171 2401 356 2492 summum
379 2433 474 2513 erga
496 2405 600 2488 illum
621 2401 823 2506 Amorem,
849 2401 1060 2504 Fiduciam,
1084 2409 1217 2516 Spem,
1240 2407 1415 2490 Gratitu·

171 2516 314 2613 dinem,
329 2513 611 2624 Humilitatem,
629 2509 831 2597 Timorem
845 2516 886 2596 8(
910 2511 1199 2622 Obedientiam,
1219 2521 1261 2600 8(
1276 2512 1302 2595 st
1315 2515 1415 2624 quid

172 2626 336 2734 amplius
359 2625 414 2708 est
437 2623 545 2734 quod
567 2624 791 2733 exprimitur
812 2623 850 2704 in
865 2622 1115 2706 invocatione
1141 2623 1278 2705 Divini
1293 2623 1414 2706 nomi·

170 2737 242 2832 nis,
262 2737 305 2817 8(
326 2734 475 2818 adiione
499 2733 740 2832 Gratiarum,
766 2735 807 2814 8(
832 2731 1099 2815 auscultatione
1111 2732 1236 2818 Verbi
1255 2729 1410 2836 Divini,

171 2843 265 2929 &in
287 2843 522 2928 devovendo
533 2843 1168 2954 res,loca,tempora,&personas
1181 2843 1279 2928 iliius
1293 2843 1416 2938 solius
1503 2893 1510 2908 ·

168 2950 350 3162 hogoiii.
380 3057 479 3143 Hinc
498 3057 586 3144 satis
608 3082 766 3144 cavetur
781 3061 952 3146 nealium
974 3061 1073 3170 paris
1097 3061 1234 3144 Cultda
1257 3057 1412 3144 constit-

167 3191 247 3258 tem
268 3163 504 3254 admittamus
525 3167 632 3280 quod
656 3171 779 3280 primo
800 3197 921 3298 praece
949 3195 999 3255 to.
1012 3192 1180 3253 vetatur.
1223 3169 1336 3251 Neve
1366 3169 1412 3248 it-

168 3283 247 3368 ium
269 3275 498 3381 hominibus,
518 3273 648 3366 aliisve
661 3280 882 3364 animalibus
920 3281 1077 3378 rmii'em,
1103 3273 1410 3388 autfigutdlimi-

169 3406 290 3474 tatum
311 3390 497 3498 corporei
516 3409 766 3500 reputemus3
795 3388 905 3502 quod
928 3389 1158 3500 prohibetur
1169 3388 1207 3471 in
1223 3386 1406 3474 secundo.

167 3501 235 3582 Ne
258 3501 429 3608 perjurio
450 3500 547 3583 iram
572 3504 654 3609 ejus
679 3527 954 3608 provocentur,
972 3499 1080 3608 quod
1109 3501 1267 3584 tertium
1290 3499 1412 3580 incul-

167 3631 262 3707 cat3
288 3631 406 3720 atque
428 3633 470 3690 ut
499 3609 674 3693 idoneam
690 3611 874 3718 temporis
893 3608 1010 3694 nostri
1027 3606 1176 3718 partem
1192 3613 1272 3716 ejus
1287 3606 1411 3691 cultui

166 3717 419 3817 destinemus,
447 3717 554 3828 quod
577 3739 758 3829 quartum
780 3745 1012 3828 ptaeceptum
1027 3717 1205 3820 insinuat,
1230 3719 1415 3827 exemplo.
1510 3813 1517 3831 Ι

77 3873 78 3878 ¹
167 3827 340 3910 Sabbati.
393 3827 481 3908 Pari
512 3831 667 3911 tatione
703 3827 866 3910 secunda
891 3829 1083 3936 Decalogi
1106 3827 1239 3910 tabula
1270 3825 1410 3910 deduci

219 3939 293 4019 test
318 3961 367 4018 ex
380 3963 425 4017 ea
443 3957 553 4045 parte
567 3938 664 4045 legis
687 3937 866 4020 naturalis
891 3940 940 4022 de
951 3937 1094 4046 justitia
1118 3937 1409 4045 universaliqui

161 3967 331 4135 dirimas
355 4071 439 4132 earn
457 4045 642 4158 praecipit
670 4049 779 4244 Quoia
800 4047 1048 4140 necessarium
1069 4046 1124 4133 est
1137 4047 1186 4133 ad
1206 4070 1407 4238 copomune

460 4184 466 4194 ’
772 4181 883 4263 cc3
1311 4179 1410 4284 num
