3410 4574
183 117 337 238 ,58
466 230 468 237 Ι
633 111 696 216 De
725 113 841 212 Bono
876 105 1104 208 Naturali.

104 351 107 356 ·
238 313 431 404 existimat
454 327 689 420 quemquam
716 334 904 418 quatere,
933 303 1000 388 nili
1026 333 1076 388 ex
1114 325 1217 390 metu
1244 283 1436 389 meliorum
1463 305 1486 387 e

239 429 339 512 statu
358 419 448 506 belli
473 415 761 526 profluentium.
808 419 877 498 His
903 415 1146 501 consentiunt
1191 445 1247 499 uae
1272 412 1382 525 supra
1397 413 1489 494 cita·

239 546 368 624 vimus
395 531 497 630 loca,
526 531 568 611 &
593 531 789 611 innumera
804 522 934 637 paffim
957 555 1028 636 per
1048 527 1131 634 ejus
1159 445 1297 636 lqcripta
1323 521 1490 636 dispersa

241 643 536 732 ideminnuunt.
591 637 692 720 Hinc
706 661 836 722 manat
847 634 940 718 illud
952 653 1086 746 capa.
1103 637 1139 732 ἦ.
1153 635 1192 721 8.
1225 631 1491 748 Qicquiduo·

163 850 165 856 ,
244 749 474 860 lantmlfit,
491 765 629 858 propter
645 747 794 862 aliquod
812 747 997 856 bonumfit
1018 749 1187 830 uolentis.

302 867 396 948 Hac
426 883 555 944 autem
569 859 695 942 omnia
719 857 771 942 ei>
788 857 968 958 tendunt,
998 880 1043 943 ut
1065 862 1219 942 evincat
1248 855 1424 938 homines
1439 851 1496 935 ita

249 993 496 1084 comparatos
516 966 798 1053 elleuteorum
813 969 970 1050 Natura
985 991 1195 1081 repugnet,
1224 965 1369 1077 ade6q3
1384 963 1496 1073 plane

251 1078 483 1195 impoffibile
511 1076 559 1160 ⁴lat
580 1079 672 1190 ipsis
693 1086 902 1190 quicquam
932 1101 1117 1190 appetere
1142 1101 1281 1189 prater
1302 1078 1370 1160 sua
1393 1099 1499 1156 com·

253 1192 387 1301 moda,
400 1189 766 1301 snimquegloriam·
782 1205 870 1302 cap.
887 1211 921 1269 t.
941 1192 978 1289 §.
995 1212 1031 1270 2.
1064 1190 1155 1274 Hac
1169 1211 1298 1270 autem
1312 1183 1399 1268 cium
1412 1212 1500 1293 per·

253 1307 427 1420 fpicuum
464 1297 509 1384 stt
529 1325 847 1411 unumquemque
872 1325 922 1381 ex
944 1299 1123 1386 dominio
1151 1299 1188 1380 in
1225 1299 1322 1383 alios
1345 1290 1504 1379 uberius

256 1416 406 1524 allequi
431 1407 538 1519 polle
558 1411 719 1522 quime
742 1412 927 1494 societate
940 1439 1023 1494 cum
1038 1410 1136 1510 aliis,
1152 1435 1287 1495 omnes
1302 1407 1378 1491 hoe
1393 1427 1504 1487 natu·

236 1525 389 1612 naliter
411 1542 612 1630 appetere,
639 1517 823 1629 adeoque
845 1519 882 1600 in
910 1519 1051 1602 bellum
1079 1519 1261 1602 adversius
1278 1513 1503 1604 omnesdo·

257 1631 478 1718 minationis
502 1628 716 1740 quaerenda
732 1630 841 1714 causi
858 1628 976 1727 ferri3
1005 1631 1089 1713 solo
1103 1653 1228 1714 antem
1237 1652 1348 1712 metu
1363 1629 1385 1712 a
1398 1625 1505 1707 bello

259 1741 441 1838 detineri,
469 1747 510 1824 ὃ(
529 1739 576 1820 ad
607 1739 801 1823 societatis
821 1738 1323 1850 conditionesaccipiendas
1346 1735 1503 1847 impelli.

263 1858 317 1938 At
331 1851 356 1936 fi
371 1877 580 1962 quaeramus
604 1850 698 1960 quid
712 1877 799 1932 eum
814 1849 1090 1935 insententiam
1109 1851 1210 1936 adeo
1223 1847 1402 1934 omnibus
1420 1845 1509 1928 Phi·

261 1961 432 2073 losophis
453 1984 728 2068 repugnantem
739 1959 908 2064 duxerit,
924 1962 1018 2044 illud
1034 1962 1185 2046 unicum
1197 1961 1329 2044 videre
1344 1954 1507 2067 polium,

263 2073 378 2185 qnod
400 2073 451 2170 ¹in
479 2071 612 2154 eadem
627 2071 805 2155 senione
825 2068 904 2180 ipse
924 2071 1050 2154 obiter
1073 2068 1214 2169 innuit,
1240 2072 1308 2154 ubi
1332 2081 1510 2152 Naturam

265 2188 544 2289 interpretatur
563 2207 632 2286 per
659 2180 812 2290 afflatu
831 2191 931 2263 omni
948 2183 1103 2265 animali
1128 2195 1170 2264 in
1183 2201 1254 2266 atos
1276 2180 1388 2264 donec
1405 2205 1511 2261 nocu-

267 2300 401 2376 mentis
425 2290 488 2371 vel
511 2302 691 2400 preceptis
708 2293 785 2398 fiat
813 2309 854 2374 at
875 2303 1048 2402 appetitus
1066 2317 1138 2402 pra
1156 2305 1309 2393 entium,
1337 2283 1511 2372 memorii

262 2408 530 2514 preteritorum
550 2399 781 2484 retundatur.
810 2401 985 2485 AEstimat
1008 2402 1072 2485 ille
1097 2429 1271 2488 naturam
1298 2405 1513 2493 humanam,

270 2511 530 2621 &objectum
554 2511 790 2624 adaquatum
817 2513 1039 2613 voluntatis,
1068 2543 1117 2596 err
1138 2509 1334 2600 affettibus
1357 2507 1516 2619 illisqui

270 2626 376 2708 usum
397 2622 593 2722 Rationis,
617 2623 915 2731 experientiam,
942 2621 1230 2736 &disciplinam
1252 2641 1515 2716 antevertunt,

272 2732 406 2843 quales
430 2733 677 2838 reperiuntur
703 2735 740 2816 in
764 2731 984 2834 insontibus,
1010 2735 1050 2816 8(
1069 2738 1310 2834 amentibus3
1338 2732 1518 2816 videatur

252 2843 358 2947 ejus
376 2838 614 2952 prafatioad
641 2837 798 2926 Librum
813 2843 975 2926 dative.
1014 2849 1104 2954 Ego
1127 2847 1224 2931 vero
1239 2875 1331 2931 cum
1346 2837 1482 2925 Philol
1505 2883 1520 2902 ·

274 2953 361 3063 phis
380 2947 593 3062 (qnantum
607 2947 707 3061 scio)
727 2955 909 3037 omnibus
924 2975 1097 3038 naturam
1123 2955 1289 3040 hominis
1318 2951 1520 3040 *eliatione

277 3058 404 3176 potiius
424 3061 655 3146 metiendam
671 3063 863 3164 existimo,
881 3064 1063 3174 adeoque
1079 3068 1320 3152 voluntatem
1336 3063 1371 3148 se
1386 3085 1523 3149 exten·

279 3174 375 3256 dere
403 3170 511 3280 posse
530 3173 640 3256 adea
668 3201 752 3284 quae
776 3175 895 3284 Ratio
915 3177 1189 3263 convenientia
1202 3178 1368 3261 cuilibet
1383 3199 1522 3259 natura

277 3281 594 3379 eliediilaverits
625 3281 806 3394 liquidem
820 3281 975 3366 offellus
987 3283 1172 3388 ejusmodi
1187 3287 1422 3372 irrationales
1435 3307 1526 3394 pet·

279 3390 517 3475 turbationes
539 3392 668 3505 potius
681 3394 793 3476 animi
806 3391 975 3503 (adeoqs
997 3398 1355 3509 praternatutales)
1370 3393 1524 3477 dicendi

273 3497 390 3589 'sunts
409 3561 411 3568 ·
444 3501 523 3584 uod
537 3505 577 3584 &
593 3503 673 3610 ipse
691 3501 868 3586 Hobb'tus
882 3503 1012 3607 etiam,
1042 3507 1126 3616 post
1137 3509 1283 3594 editum
1299 3509 1343 3593 de
1355 3519 1447 3592 Cive
1462 3507 1525 3589 Li·

283 3529 533 3708 brumiaffus
546 3609 654 3694 estin
682 3613 801 3696 libro
819 3615 865 3696 de
878 3627 1031 3701 Homine
1050 3645 1125 3732 cap.
1146 3642 1205 3702 ra.
1234 3621 1270 3716 o.
1290 3643 1325 3702 1.
1355 3633 1528 3702 fatemur

283 3728 474 3802 etiamnos
487 3723 577 3830 fieri
596 3721 691 3833 paffl’
730 3721 808 3809 ortl
823 3749 889 3836 per
904 3731 1039 3808 malum
1060 3733 1171 3814 liberi
1183 3730 1343 3814 arbitrii
1355 3729 1473 3840 ustam,
1488 3743 1528 3810 ut

285 3829 390 3912 hamo
402 3829 581 3940 quispiam
594 3863 687 3942 ungu
717 3835 843 3941 i(luo
855 3837 975 3946 vitio)
981 3839 1149 3947 pellaris,
1159 3839 1259 3923 nihil
1259 3861 1388 3953 prater
1389 3838 1435 3949 se
1448 3869 1528 3921 cun·

274 3939 425 4074 fill&
435 3940 597 4066 fideiqne
607 3943 706 4026 nr'lat'l
712 3949 793 4054 fere
806 3953 897 4030 velit
910 3947 979 4064 nil
988 3980 1063 4061 qua
1068 3949 1142 4069 fibi
1145 3951 1301 4057 judicat
1316 3947 1527 4036 commodat

290 4077 421 4142 verum
434 4077 474 4141 ru
486 4055 774 4165 nnllounquam
786 4053 944 4148 homine
956 4083 1220 4171 praterunum
1236 4064 1436 4152 Hobbium
1448 4061 1532 4252 palis

297 4223 300 4230 ·
358 4225 363 4240 ·
471 4219 475 4228 .
1395 4199 1448 4256 vo
1465 4198 1531 4254 un·
