3400 4566
362 109 436 211 De
454 109 564 249 Lege
580 110 768 214 Naturae·
782 115 945 249 sitisque
964 68 1231 251 obligatione.
1363 152 1455 258 303

245 283 519 394 rasertimquae
533 283 584 366 ab
604 286 708 370 omni
720 281 842 369 metis
855 285 966 368 causa
995 283 1113 368 libera
1137 285 1201 394 fit)
1229 286 1276 370 de
1291 289 1458 374 aliorum

215 314 690 495 iiominumobservantia,
723 393 1457 508 legibusnaturalibusparitetpraestan·
1504 473 1513 494 ,

213 503 275 603 da,
307 506 580 612 utobligemur
600 507 647 588 ad
664 505 763 586 allus
776 526 956 586 externos
978 503 1268 587 lisconlormes.
1310 508 1457 594 Volun-

213 637 270 694 tas
296 616 398 696 enim
421 637 585 723 cognata
616 619 750 697 Ptimae
776 612 890 696 caure
913 615 990 722 qui
1018 612 1141 723 Leges
1168 617 1232 696 bas
1247 615 1296 696 de
1311 617 1457 704 artibus

213 727 386 808 externis
407 724 664 832 praecipientes
695 726 831 832 sancit,
843 721 1027 806 sufficiens
1043 727 1097 805 eli
1123 725 1372 834 &adaquata
1396 755 1457 812 ra·

213 838 273 917 tio
300 833 607 943 obligationisad
620 832 806 941 ejusmodi
821 833 946 930 adluat
976 835 1102 942 eique
1116 859 1294 918 manente
1307 835 1456 945 obliga.

212 946 361 1030 tionon
382 943 507 1055 potest
521 947 618 1028 tolli.
660 945 1064 1050 Cognoscatutaute'm
1080 945 1156 1026 baec
1169 944 1249 1026 Dei
1266 946 1455 1035 Voluntas

212 1061 277 1164 iis,
291 1045 398 1164 'quos
422 1053 628 1162 explicavi,
644 1055 791 1154 modist
819 1052 961 1136 etiamst
990 1051 1090 1138 adeb
1105 1053 1215 1161 pravi
1230 1052 1299 1136 srnt
1313 1055 1455 1140 multo·

213 1193 300 1250 rum
324 1164 522 1250 bominum
551 1189 675 1246 mores
698 1185 741 1246 ut
756 1163 861 1268 saepe·
876 1161 977 1268 juste
1006 1161 1232 1266 facientibus
1248 1163 1455 1274 iniquare·

212 1275 397 1388 pendant.
465 1275 714 1358 Luculentius
738 1273 813 1356 hoc
824 1269 890 1355 fiet
902 1301 950 1352 ex
974 1276 1263 1380 comparatione
1282 1275 1456 1372 cumob·

211 1387 392 1494 ligatione
414 1383 563 1492 Legum
585 1383 771 1466 Civilium
797 1384 876 1491 qua
899 1383 947 1465 ad
969 1404 1168 1465 externam
1189 1384 1453 1468 obedientiam

212 1497 333 1580 Cives
355 1522 489 1578 omnes
504 1495 629 1584 ,teneri
646 1491 827 1576 Hobbius
843 1547 845 1554 ‹
861 1521 939 1576 non
966 1489 1196 1575 diffitebitur.
1263 1493 1452 1576 Homines

210 1603 651 1705 autemomnes,etiamfi
672 1600 740 1683 sub
755 1602 1070 1708 eodemimperio
1083 1599 1250 1687 humano
1270 1632 1347 1688 non
1366 1605 1452 1702 lint,

208 1719 307 1800 sunt·
323 1739 452 1798 tatncn
477 1715 518 1796 in
543 1708 762 1822 ampliffima
778 1713 954 1794 Civitate
981 1711 1071 1791 Dei.
1123 1709 1367 1798 Notillimum
1390 1717 1452 1796 in·

207 1829 319 1909 terim
344 1821 416 1924 est,
436 1823 558 1932 quod,
574 1825 642 1930 qui
656 1821 785 1904 eidem
809 1825 977 1929 imperio
998 1819 1165 1904 humano
1184 1818 1450 1934 subjiciuntur,

207 1936 377 2046 perfecie
398 1931 516 2018 securi
540 1931 617 2016 else
640 1960 728 2017 non
746 1928 914 2039 poliunt,
936 1953 1001 2012 aur
1019 1930 1129 2039 qubd
1153 1929 1358 2014 Concives
1391 1935 1449 2016 sui

209 2047 336 2154 Leges
351 2043 496 2128 Civiles
519 2043 790 2140 observabunt,
815 2037 1079 2126 abstinendos
1099 2039 1311 2124 rebellione
1333 2043 1375 2124 8<
1398 2041 1449 2124 ab

208 2155 314 2242 omni
335 2150 528 2236 invafione
554 2152 684 2254 alieni,
707 2173 778 2234 aut
799 2149 905 2260 quod
918 2147 1224 2234 summuseorum
1238 2154 1449 2262 imperator

98 2271 101 2276 ’
208 2270 251 2352 δι
270 2264 414 2374 poterit
434 2263 580 2371 Legunt
595 2257 745 2346 suarum
760 2257 1007 2373 tranlgrelior
1032 2287 1048 2341 s
1059 2260 1193 2369 punire
1217 2254 1448 2370 (presertim

208 2373 274 2461 ubi
308 2373 337 2453 F
339 2373 503 2459 actiones
536 2375 622 2456 sunt
653 2373 855 2480 potentes)
880 2375 921 2454 8<
948 2289 1113 2452 voirerit
1138 2369 1255 2456 bono·
1271 2371 1449 2480 publico,

206 2505 392 2596 quantum
416 2479 557 2592 potest,
574 2483 787 2591 invigilare.
859 2477 1092 2564 Cautiffimis
1112 2481 1327 2590 eotu'mqui
1353 2483 1448 2563 reli·
1530 2571 1537 2586 ,

205 2593 331 2706 glottis
349 2599 474 2678 omnis
487 2594 641 2677 vincula
653 2613 841 2676 exuerunt
854 2589 940 2672 satis
952 2587 1029 2674 elie
1052 2585 1207 2673 videtur
1234 2587 1446 2678 securitatis

208 2706 259 2789 ad
282 2703 558 2811 obligationem
571 2701 718 2810 Legum
732 2699 971 2810 Civilium‚fi
999 2696 1230 2806 probabilius
1255 2701 1297 2783 bt
1323 2702 1449 2812 Magi·

204 2813 364 2899 stratum
376 2813 521 2938 Legum
542 2811 925 2897 suarumauthoritati
945 2813 985 2894 8(
998 2807 1172 2919 pollo&
1185 2811 1447 2925 velle-prospi-

203 2952 307 3030 cere,
335 2919 555 3006 obedientes
575 2922 807 3022 tutando,&
822 2921 1021 3030 puniendo
1031 2915 1332 3024 transgrellbres.
1391 2925 1446 3002 Ar

202 3035 296 3118 viris
317 3035 503 3142 pietatem
517 3033 558 3115 in
581 3030 714 3113 Deum
736 3031 1007 3114 exercentibus
1018 3031 1113 3138 (qui
1129 3027 1249 3110 Cives
1262 3027 1345 3112 sunt
1357 3033 1443 3112 lon·

203 3145 255 3254 gb
279 3140 439 3254 optimi)
461 3137 546 3225 sartis
570 3135 678 3224 firma
692 3141 848 3226 videtur
861 3139 1011 3252 Legum
1033 3136 1214 3224 Ciuilium
1235 3137 1446 3246 obligatio,
1493 3141 1495 3149 ’

203 3251 348 3337 etiamfi
365 3257 407 3338 bt
421 3253 575 3336 vacillet
591 3251 767 3334 Potentia
788 3252 1029 3360 imperantis,
1046 3250 1087 3330 δι
1109 3250 1147 3328 in
1161 3249 1289 3332 multis
1298 3251 1347 3332 ab
1361 3245 1444 3332 offi·
1500 3323 1504 3330 .

205 3365 266 3450 cio
284 3359 352 3448 suo
375 3359 538 3444 deficiat
559 3360 643 3464 ejus
680 3363 872 3461 voluntas,
905 3357 1116 3442 dummodo
1142 3382 1197 3438 err
1217 3357 1444 3442 obedientia

203 3473 268 3556 sua
292 3473 364 3557 suis
388 3469 581 3556 mentibus
600 3473 852 3581 tranquillitas
875 3469 1045 3568 accedat,
1072 3471 1113 3552 δι
1135 3467 1276 3554 Divini
1298 3467 1443 3552 favoris

201 3580 284 3692 spes
303 3581 453 3666 tatione
472 3580 594 3668 fultas
621 3581 686 3662 vel
698 3581 764 3690 (ut
777 3579 902 3665 verbo
924 3579 1075 3687 dicam)
1087 3580 1441 3688 quamdiunatura·

199 3695 253 3777 lia
275 3689 414 3778 indicia
434 3689 681 3800 obligationis
715 3690 765 3774 ad
791 3689 955 3774 studium
980 3689 1075 3774 boui
1098 3691 1328 3774 Communis
1361 3717 1441 3774 ma-

200 3824 294 3886 nent
316 3801 489 3888 immota.
546 3799 608 3880 Ex
634 3797 706 3882 bac
728 3803 860 3993 itapue
886 3801 1175 3906 comparatione
1176 3822 1308 3992 patet,
1334 3799 1441 3908 quod

128 3991 134 4002 .
200 3911 227 3996 fi
255 3911 462 3998 Hobbiana
486 3907 728 3994 ratiocinatio
752 3941 772 3990 e
807 3931 846 3994 et
866 3909 1008 4011 valida,
1030 3911 1153 3994 omnis
1188 3915 1278 3995 rmul
1293 3915 1441 4014 Legum
1476 3953 1479 3960 Δ

201 4023 390 4110 Cluilium
425 4018 618 4130 obligatio
648 4020 938 4114 collabereturr
977 4021 1187 4108 trecaliter
1207 4019 1290 4103 fieri
1314 4015 1441 4140 potest

625 4167 630 4180 ·
1348 4151 1453 4234 qum,
