3392 4572
224 250 227 255 .
312 178 407 312 4³16
471 293 477 304 ¹
590 269 599 276 ,
756 173 1032 307 Confidlarla.
1102 227 1120 306 ζ

290 329 294 336 ’
313 347 415 428 niam
440 339 647 452 (scilicet)
675 343 775 426 nulla
813 343 885 427 est.
900 341 1075 456 potentia
1090 329 1280 426 ›coerciva
1299 339 1421 452 'supr'a
1442 370 1489 426 u·

313 463 490 562 tramqu'e
527 454 763 553 Civitatem,
792 479 874 562 quae
911 453 1024 537 saciat
1057 473 1105 533 ut,
1134 451 1284 533 haec'ab
1315 454 1382 535 illa
1410 481 1488 538 non

170 613 175 630 ι
253 652 255 656 ,
312 564 532 673 decipiatur.
589 565 648 646 Ex
672 564 729 646 his
753 563 949 672 principiis
975 559 1155 646 Hobbius
1176 560 1415 668 Principibus
1434 565 1489 667 jus
1564 658 1568 667 A

297 673 420 755 ¹dedit
443 677 597 783 quoties
618 671 770 756 libuerit
794 667 1001 770 fidenraliis
1022 670 1264 776 Principibus
1282 671 1409 752 datam
1423 675 1491 758 fal·

312 782 439 864 lendi:
467 785 556 866 Hoc
578 789 708 867 autem
733 779 799 864 etsi
822 779 1006 878 libertatis
1032 781 1160 890 speeie
1181 778 1252 864 illia
1276 779 1493 865 adblandiri
1525 827 1530 834 ·

313 892 505 994 videatur,
534 895 662 1002 reipsa
684 915 811 976 tamen
831 919 965 976 eorum
988 891 1089 974 vires
1116 888 1317 998 plurimbm
1340 893 1491 992 minuit,

314 1003 546 1130 omnquue
576 1003 664 1088 sere
692 1004 740 1086 iis
767 1001 900 1130 adimit
926 1001 1178 1127 securitatem.
1234 1001 1351 1082 Nulla
1389 1004 1491 1084 enim

314 1109 459 1194 Crvrtas
479 1111 543 1193 fibt
567 1113 649 1198 sola
669 1107 822 1212 sufficit,
852 1141 923 1195 nec
945 1111 981 1193 se
1001 1133 1103 1194 tueri
1125 1109 1231 1191 valet
1252 1133 1386 1192 contra
1409 1139 1493 1194 om·

312 1221 414 1302 nium
448 1223 657 1304 vicinarum
695 1225 871 1331 impetus,
901 1219 967 1304 nist
998 1247 1085 1304 cunr
1104 1219 1193 1302 aliis
1228 1217 1392 1304 societur
1424 1249 1494 1328 per
1609 1253 1629 1276 ·‘

313 1331 462 1416 foedera
485 1329 705 1416 commercii
736 1359 782 1410 ac
811 1337 934 1414 rnutui
962 1330 1111 1411 auxilii.
1156 1328 1288 1437 Atque
1310 1329 1389 1414 hoc
1414 1329 1494 1413 sen·

313 1443 416 1522 tiunt
450 1447 567 1522 etiam
594 1441 649 1519 illi
681 1441 877 1552 Principes
913 1437 1081 1546 qui-aliis
1114 1436 1270 1546 saepitls,
1308 1443 1349 1522 8<
1377 1437 1496 1548 magis

312 1551 456 1632 temere
480 1545 594 1656 fidem
620 1547 784 1630 violant.
839 1553 999 1656 Qrippe
1025 1546 1147 1628 statim
1170 1548 1372 1658 postquam
1406 1575 1496 1630 cum

311 1685 392 1739 uno
427 1659 580 1764 populo
611 1681 677 1738 aut
699 1658 907 1740 Monarcba
945 1678 1129 1763 ruperunt
1155 1657 1319 1767 Pedere,
1346 1654 1497 1740 necesse

312 1765 456 1848 habent
475 1765 514 1848 se
537 1765 793 1850 corroborare
824 1793 895 1876 per
916 1765 1060 1850 foedera
1092 1791 1180 1872 cum
1215 1765 1414 1880 aliiaiuita
1444 1797 1495 1852 ne

313 1875 383 1960 soli
410 1889 545 1958 contra
567 1903 698 1959 ornnes
732 1874 930 1959 dimicent.
981 1873 1153 1986 ldedque
1174 1898 1332 1958 mutant
1370 1879 1493 1982 pasta,

247 2011 250 2017 ·
314 2012 393 2066 non
426 1986 554 2068 omnia
581 1982 787 2092 rejiciunta
815 1987 856 2066 81
883 1985 987 2066 suam
1012 1984 1268 2068 condemnant
1295 1983 1495 2094 perfidiam

314 2093 390 2179 hoc
414 2093 495 2204 ipso
526 2091 634 2206 qubd
660 2099 702 2176 iu
725 2093 887 2176 'aliorum
913 2091 1027 2175 fidem
1059 2094 1099 2175 se
1134 2095 1336 2198 recipiunt.
1395 2099 1497 2178 Prte-

313 2226 420 2286 terea
451 2201 647 2308 manifesti
684 2201 834 2286 constat
865 2202 1126 2311 experientis,
1154 2205 1332 2286 civitates
1366 2233 1498 2288 omnes

282 2377 284 2380 -
313 2312 472 2395 aliarum
499 2313 712 2422 potentiam
738 2310 942 2395 Foederum
975 2339 1052 2421 ope
1076 2313 1274 2412 limitaret
1302 2319 1343 2398 8<
1361 2320 1498 2424 praei·

314 2451 429 2532 puam
456 2445 604 2532 partem
629 2420 844 2504 Prudenriae
871 2421 1039 2531 politica
1065 2420 1329 2532 conlisterein
1365 2427 1496 2532 cugni-

313 2533 418 2614 tione
443 2532 637 2614 variorum
675 2530 1045 2641 modorum'quibus
1074 2559 1148 2639 per
1172 2531 1333 2616 Poedera
1354 2533 1496 2616 libren-

313 2639 566 2726 turbostiuru
588 2639 713 2725 vires:
745 2639 803 2724 his
816 2659 957 2724 autem'
972 2638 1093 2724 nullut
1110 2641 1202 2725 esset
1218 2645 1326 2726 lucus
1345 2643 1494 2751 fipaua

313 2747 564 2834 mutuae'fid'ei
584 2747 708 2832 'inter
732 2750 902 2832 diversas
930 2749 1121 2858 Civitates
1155 2751 1277 2836 essent
1315 2753 1499 2861 invalida,

309 2863 443 2970 'juxtra
461 2857 668 2954 dollrinam
683 2857 941 2941 Hdbbianatn.
997 2861 1090 2943 Hac
1103 2857 1231 2944 fivera
1244 2859 1396 2946 suiffent
1410 2865 1500 2946 Rex

314 2968 465 3070 noller³
486 2969 587 3051 ‘dum
602 2994 682 3082 pet
706 2969 996 3051 invalescentem
1029 2968 1068 3051 in
1094 2973 1285 3054 Britannia
1318 2975 1497 3056 rebelliu-

316 3107 402 3160 nem
422 3081 453 3162 “e
476 3075 686 3162 ditionibus
714 3077 801 3160 fitis·
819 3077 1024 3179 exulabat,
1053 3080 1149 3184 jure.
1172 3079 1352 3190 potuitset
1371 3083 1497 3190 (hor-

304 3189 422 3272 aresco
447 3180 646 3299 reserens)
679 3189 803 3271 occidi
828 3189 851 3272 ὲ
880 3188 1012 3288 Gallis,
1042 3183 1240 3299 Hispanis,
1268 3191 1497 3302 Batavisque

310 3303 339 3378 “a
369 3295 419 3378 ud
441 3321 545 3411 quos
566 3296 900 3385 cbmmorabaturt
919 3297 1049 3406 idque
1071 3299 1498 3410 postquam-amisissem

313 3329 374 3491 illi
400 3431 468 3513 per
494 3405 601 3514 pasla
629 3403 888 3516 prbmiliffent.
933 3405 1076 3490 Verum
1097 3403 1212 3493 *Deus
1228 3409 1497 3520 ‘ipfismeliora

315 3517 457 3599 docuit'
475 3543 542 3626 per
568 3517 738 3600 Natu'tae*
757 3516 1039 3621 Legeseotum
1065 3511 1253 3604 mentibus
1278 3519 1499 3630 impressas3

313 3629 491 3740 'quamvis
512 3625 688 3714 Hobbius
712 3627 856 3734 eoipso
877 3649 1052 3734 tempore
1069 3629 1281 3714 dodlrinam
1296 3631 1498 3740 suam-per·

308 3731 415 3814 ‘fidiae
458 3737 674 3836 faventem,
704 3736 808 3816 velut
835 3735 1132 3823 demonstratum
1156 3741 1315 3822 in'uive
1334 3741 1496 3850 suuper

315 3843 482 3946 Galliam
514 3855 553 3930 &
592 3847 786 3946 bataviam
814 3845 1060 3946 venditabat,
1091 3849 1328 3960 eandemque
1363 3855 1403 3934 in
1430 3865 1498 3930 Le-

315 3953 488 4039 mathana
514 3955 725 4039 tum'edito
748 3959 849 4038 iuter
873 3957 1018 4064 Anglos
1045 3956 1270 4044 inculcabat.
1314 3960 1500 4150 Denippe

587 4091 590 4097 ⁴
1376 4069 1402 4150 st
1463 4098 1502 4151 a·
