3410 4574
646 181 758 288 ralla*
796 184 996 292 Ratione.
1039 217 1042 222 ·
1307 293 1309 296 ,
1356 221 1448 324 ¹33

170 350 496 442 'naturalemell'e
525 355 674 446 homini
698 379 741 444 ut
798 379 838 440 te
863 350 1053 440 rationali.
1105 360 1365 470 Quapropter
1381 381 1451 444 ex·

173 468 323 554 ‘istimo
352 469 555 556 Hobbium
587 471 667 555 non
693 497 734 552 re
774 467 954 570 eseciffe,
972 463 1448 586 quodcoosensronemin·

192 601 254 664 ter
274 577 450 666 homines
459 607 544 691 quae
559 580 674 691 pallis
696 581 941 693 exprimitur,
957 580 1008 662 ita
1020 573 1254 661 artificialem
1271 578 1447 667 elledix·

191 691 283 791 etit,
309 717 353 776 ut
366 715 596 800 opponatur
611 693 785 774 naturali.
818 691 914 774 Non
928 689 1148 797 negaverim
1162 689 1342 800 equidem
1356 715 1446 772 vet·
1520 759 1523 765 ,

190 799 244 884 ba
267 801 332 884 illa
348 801 486 912 quibus
497 801 603 933 palla
615 799 868 912 fignificantur
879 828 929 884 ex
954 799 1156 884 arbitraria
1169 799 1446 885 constitutione

62 971 71 984 ,
190 909 445 1018 profluxiss'e:
474 929 607 998 verum
631 909 826 998 consenfio
848 909 913 994 illa
935 913 1149 1002 animorum
1182 915 1285 994 circa
1313 933 1444 996 mutua

191 1021 477 1108 benevolentia
492 1021 737 1132 officia‚cujus
748 1023 869 1104 verba
881 1021 965 1106 lunt
977 1020 1318 1129 figoatanrirm,est
1330 1051 1446 1135 pror·

190 1131 249 1216 sua
274 1135 473 1218 naturalia.
507 1135 551 1216 In
566 1131 814 1220 conseofiorte
825 1155 953 1218 autem
964 1132 1029 1214 illa
1043 1134 1256 1218 animorum
1269 1134 1319 1217 de
1333 1159 1444 1218 com·

189 1243 430 1328 mutandiso.
439 1277 479 1353 g.
507 1242 636 1332 officiis
648 1243 816 1330 confistit
839 1269 976 1332 natura
988 1265 1072 1326 tota
1084 1247 1198 1354 parti,
1234 1241 1444 1358 omnisque

190 1354 275 1452 eiua
296 1353 355 1438 vis
366 1353 668 1465 obligandiinde
679 1353 854 1464 profluit.
897 1355 1061 1442 Scientia
1086 1358 1271 1438 autem&
1295 1355 1438 1440 volun·

189 1484 249 1548 tas
284 1463 433 1574 insuper
462 1463 719 1550 constituendi
747 1466 872 1578 aliqua
896 1463 996 1572 figoa
1032 1465 1172 1576 quibus
1209 1459 1436 1570 hujusmodi

188 1571 550 1686 conseofioutrinqa
570 1575 780 1678 indicetur,
802 1573 1035 1660 adeosacilia
1048 1573 1104 1658 est
1117 1583 1158 1662 &
1175 1574 1293 1658 obvia
1316 1576 1442 1672 homi·

181 1683 229 1766 -ui
242 1687 359 1770 etiam
374 1683 451 1770 fine
461 1685 711 1798 institutione,
731 1710 775 1770 ur
795 1687 976 1774 naturalis
1002 1713 1166 1797 quoque
1189 1687 1264 1772 diei
1286 1714 1439 1772 merea·

184 1817 265 1897 tur,
292 1823 515 1908 quanquam
537 1795 626 1882 usus
640 1798 855 1883 horumvel
877 1797 1033 1880 illorum
1053 1795 1242 1906 lignorum
1267 1795 1311 1880 fit
1337 1797 1439 1880 arbi·

184 1904 323 1990 trariur
336 1907 416 2014 (ita
429 1905 531 1990 enirn
547 1909 700 1988 mallem
713 1911 907 2015 appellare
918 1905 1035 2012 quim
1051 1905 1335 2013 artificialem.)
1349 1907 1440 1988 Bre-

183 2017 305 2116 viter,
330 2011 528 2100 conleofio
553 2016 672 2124 patris
694 2013 868 2123 exprella
895 2009 1122 2124 (prasertim
1146 2017 1249 2098 circa
1281 2041 1440 2122 genera·

182 2123 345 2210 liliimoa
368 2127 472 2208 alius
481 2123 778 2224 benevolentia,
801 2123 1006 2233 dequibus
1031 2121 1120 2208 solis
1139 2125 1178 2210 in
1205 2119 1438 2234 disquisrtio·

183 2265 240 2321 ae
262 2235 314 2320 de
334 2236 349 2318 l
403 2235 487 2322 ibus
508 2259 653 2324 natura
677 2235 905 2345 agitur)aut
928 2232 1092 2320 dicenda
1107 2263 1185 2324 noo
1205 2231 1436 2322 estartifici·
1477 2331 1483 2344 ⁸

182 2347 271 2448 alis,
291 2367 357 2432 aut
379 2371 393 2430 r
417 2346 469 2432 ita
489 2347 655 2447 dicatur,
679 2345 925 2456 intelligenda
949 2345 1000 2428 ira
1014 2345 1067 2429 est
1080 2347 1145 2430 illa
1158 2345 1370 2457 appellatio
1389 2369 1434 2430 ut

180 2459 393 2542 conveniat
414 2457 923 2561 morinummontem
943 2457 1001 2539 illi
1015 2479 1254 2564 opponatur,
1280 2455 1342 2542 uti
1362 2464 1436 2542 rni-

182 2568 261 2653 oita
280 2565 436 2654 firma&
458 2569 659 2674 durabilis,
681 2589 728 2652 ut
748 2563 791 2650 fit
816 2567 923 2678 apud
947 2565 1190 2662 Hobbiuru.-¹
1231 2565 1436 2678 Significa-

182 2682 247 2762 tio
269 2679 368 2764 enirn
382 2679 564 2766 naturalis
576 2677 844 2781 consentionis,
873 2705 944 2787 per
954 2678 1075 2764 verba
1098 2673 1436 2766 secunduuartem

181 2789 393 2902 aliqualem
404 2788 625 2893 constituta,
643 2817 721 2876 noo
739 2787 877 2874 minuit
888 2789 970 2896 ejus
981 2785 1198 2874 firmitatem
1211 2811 1279 2875 aut
1290 2789 1435 2879 durati·

184 2925 315 2987 onem.

236 3013 376 3096 Manet
401 3009 800 3122 iraqueincoocullum
816 3008 927 3121 quod
941 3009 1048 3097 initio
1073 3008 1279 3120 posuimus,
1313 3011 1433 3096 ioesse

181 3117 418 3220 hominibus,
435 3121 514 3208 hoc
528 3119 613 3231 ipso
635 3119 747 3235 quod
766 3121 837 3204 lrnt
858 3121 1050 3220 animalia,
1069 3116 1348 3232 propenfiooes
1361 3121 1432 3204 sal·

179 3255 259 3318 tem
271 3231 379 3318 talea
400 3231 451 3316 ad
472 3230 783 3318 benevolentiam
793 3259 887 3344 erga
898 3231 1014 3342 alios,
1023 3231 1157 3342 quales
1170 3232 1254 3318 sunt
1265 3236 1307 3320 in
1320 3241 1432 3316 cate·

181 3343 236 3429 ria
256 3343 479 3432 animalibus
500 3371 591 3453 erga
606 3345 678 3432 alia
691 3343 759 3430 fibi
771 3371 1001 3452 congenerat,
1017 3345 1059 3428 io
1077 3341 1216 3454 quibua
1237 3343 1432 3454 praecipua

182 3453 674 3582 capitanlegisoaturalisio
700 3455 894 3566 aliquibus
906 3453 1050 3584 oasrbus
1078 3483 1152 3567 pro
1174 3456 1336 3544 modulo
1355 3455 1432 3582 suat
1548 3471 1552 3482 '

180 3566 643 3764 {llllllstlllllss
670 3567 1433 3790 lllllr‘l'lplullilul'ssllff

179 3785 338 3883 derare,
350 3790 488 3894 partior
497 3807 543 3874 ut
562 3789 695 3876 videat
717 3787 1160 3916 Leiiorquimcrallum
1176 3814 1349 3876 errorem
1361 3789 1431 3874 de.-

180 3893 344 3982 ferdere
364 3902 514 4007 cogitur
525 3899 726 4012 Hobbiua,
746 3923 791 3984 ut
804 3899 988 3983 obliteret
1012 3896 1149 3984 indicia
1163 3897 1361 3998 sanationis
1374 3902 1431 3980 lev
1587 3905 1591 3910 '

180 4035 272 4118 gum
299 4012 485 4095 natarat
516 4007 835 4122 propenfiooibus
849 4009 1083 4094 naturalibus
1097 4010 1224 4122 desum
1255 4036 1317 4093 ta:
1342 4031 1430 4116 par·

180 4119 249 4277 tior
277 4139 404 4208 auteur
428 4123 613 4232 quoniam
639 4119 843 4315 observapi
852 4120 934 4317 ,ipae
946 4118 1104 4235 lingula,
1126 4043 1304 4229 equilus
1318 4111 1437 4309 Hpib-pls
