3384 4578
529 205 533 212 ·
622 161 738 268 tedii
777 163 978 276 Rationes
1288 259 1290 265 ,
1333 199 1429 311 113

167 334 460 424 “treheuenre
483 335 563 447 qub
585 337 755 424 maximi
768 335 1128 447 extrlcetatuset'at,
1153 339 1300 426 nemini
1320 363 1432 453 pate·

151 495 154 502 ·
182 449 339 550 “sadi,
366 446 520 552 tandem
539 447 578 530 in
610 447 748 530 mirum
775 447 904 534 morbi
929 474 1049 556 genus
1075 446 1221 548 incidit,
1245 449 1430 562 sunmsqr

168 555 469 674 '“oppreffione
483 561 523 640 8<
536 557 675 640 dolore
686 558 830 659 cordis,
855 563 895 642 8<
911 559 1077 668 pesioris
1090 555 1224 642 misere
1237 557 1427 648 conflicta-

169 671 353 769 '“batur,
382 690 424 752 ut
444 667 554 750 nullis
572 666 751 751 adhibitis
764 693 815 751 ex
840 663 1151 776 peritissimorum
1163 669 1316 752 auxiliis
1337 699 1431 780 pto·

167 775 468 877 '“-ficientibus‚
497 779 539 861 iu
561 775 810 862 scorbuticam
832 777 988 862 tandem
1014 777 1101 888 post
1132 777 1283 890 aliquot
1308 807 1430 865 annos
1523 873 1529 878 ,

169 888 465 972 '“Cacbexiam
485 887 654 970 incidens
670 887 887 988 contabuit,
911 891 952 973 δι
977 891 1154 972 moritur.
1211 889 1316 970 Huic
1340 911 1429 974 tan·

182 997 427 1082 “tummodo
450 995 592 1107 aliquid
621 993 808 1081 solaminis
831 997 965 1084 accidit
1019 999 1145 1083 uoties
1172 999 1427 1108 &quamdiu

163 1110 311 1193 '‘s-tota
324 1105 481 1216 pedioris
497 1107 608 1214 regio
618 1111 951 1218 comprimeretur.
981 1025 1082 1192 lluic
1100 1133 1262 1218 quoque
1276 1110 1429 1192 artetiae

181 1218 422 1410 ιιᾶιίιίςιιΙιιιτι
442 1215 591 1342 pollicis
605 1217 868 1344 magnitudine
880 1218 1064 1324 distenta,
1084 1239 1269 1409 tanguam
1282 1221 1430 1301 utravis

68 1423 71 1428 ¹
180 1338 249 1412 “e
281 1349 319 1410 et
338 1326 464 1410 Aotta
491 1327 587 1435 ipsa,
609 1349 676 1408 aut
696 1349 834 1412 arteria
857 1354 995 1438 magna
1015 1323 1152 1410 descen
1180 1356 1260 1428 ens,
1284 1328 1361 1411 altb
1382 1334 1426 1415 δι

179 1437 478 1524 “vehementer
504 1435 722 1552 pulsabant,
750 1441 793 1524 8<
823 1457 1009 1548 tanquam
1038 1435 1304 1542 Aueurismata
1346 1433 1429 1520 duo

181 1549 397 1656 “oblonga
423 1545 699 1656 apparebants·
714 1545 755 1632 in
787 1545 981 1630 cadavere
1003 1543 1161 1631 diss'eeto
1185 1545 1317 1631 inveni
1339 1573 1427 1654 cot,

175 1658 216 1708 's‘
230 1658 445 1744 &dottam
462 1653 562 1740 adeb
584 1653 764 1760 distenta,
788 1658 830 1742 8<
856 1651 1035 1769 sangarius
1050 1655 1210 1758 referta,
1236 1679 1281 1742 ut
1301 1654 1429 1743 cordis

180 1769 340 1852 “moles
364 1772 406 1852 δι
427 1765 729 1850 ventriculomm
761 1764 945 1850 cavitates
975 1765 1113 1849 bovini
1135 1765 1263 1853 cordis
1283 1765 1429 1874 magni·

180 1885 213 1930 “
226 1877 400 1962 tudinem
413 1874 679 1982 adaquabant.
706 1875 800 1958 liaec
813 1873 907 1972 illst
935 1876 1113 2062 liquibus
1129 1877 1359 1962 observatur
1376 1899 1427 1956 ex

179 1983 401 2092 hujusmodi
419 1981 616 2092 affeslibus
630 1979 779 2066 obstrui
797 2003 945 2064 motum
979 1982 1167 2090 anguinis,
1198 1981 1318 2092 idque
1345 1979 1429 2088 (utl

177 2093 370 2200 videtur)
398 2094 440 2174 in
455 2090 603 2200 exiguis
615 2091 841 2174 arteriarum
862 2089 1033 2199 ramulis,
1047 2087 1116 2200 qui
1134 2117 1205 2199 pet
1226 2087 1429 2176 cerebrum

176 2205 425 2318 sparguntur,
454 2207 497 2286 bt
519 2200 692 2308 ingentia
718 2198 810 2282 inde
828 2199 953 2301 cordi,
982 2197 1136 2310 totique
1155 2197 1257 2284 adeb
1275 2200 1431 2282 animali

176 2319 280 2402 mala
295 2309 518 2422 provenire,
544 2307 746 2421 tristisque
760 2307 983 2394 morbosum
999 2311 1274 2420 symptomata,
1300 2311 1323 2396 *a
1339 2313 1430 2420 qui·

177 2429 251 2512 bus
272 2419 343 2532 ipfi
363 2426 452 2505 vitae
473 2419 577 2529 (quae
600 2417 745 2504 homini
766 2447 853 2504 cum
870 2417 1018 2504 caeteris
1037 2418 1294 2505 animaurrbus
1320 2445 1431 2501 com·

179 2531 334 2642 munis)
359 2531 573 2642 periculum
596 2529 808 2613 imminete,
833 2528 936 2612 Hinc
973 2529 1109 2640 itaque
1140 2551 1249 2638 patet
1279 2523 1430 2634 etipsa
1537 2611 1546 2620 ,

179 2643 372 2750 animalis,
394 2645 437 2725 δι
450 2633 655 2724 affettuum
668 2636 976 2740 natutd,moneri
989 2635 1181 2737 homines,
1201 2633 1288 2747 ipfis
1301 2631 1430 2720 exusu

176 2754 282 2856 sore,
310 2772 353 2836 ut
375 2747 571 2834 benevolo
591 2746 661 2832 fiat
686 2745 816 2835 animo
835 2749 875 2832 in
894 2745 1005 2850 alios,
1020 2745 1158 2860 quoad
1181 2739 1268 2831 fieti
1283 2743 1428 2858 potest,

178 2889 329 2978 omnes,
337 2857 688 3052 sqtrandttlrlrlauidetrlgtal
686 2857 818 2943 odium
829 2857 871 2944 in
883 2854 1033 2942 unicum
1048 2857 1247 2942 hominem
1269 2853 1429 2942 aestuans

178 2995 412 3060 tantaoorr
432 2991 469 3052 at
528 2992 603 3054 ent
690 2995 726 3052 a.

102 3107 111 3124 ·
234 3085 273 3184 9.
306 3081 402 3164 XX.
431 3077 615 3187 Sequitur
636 3075 823 3162 indicium
847 3075 1021 3185 ejusdem
1044 3077 1102 3160 tei
1123 3094 1312 3185 quartum
1334 3069 1428 3158 inde

181 3193 443 3302 desumptum,
470 3187 582 3298 qubd
596 3187 773 3271 animalia
786 3185 829 3270 vi
853 3187 1063 3272 earundem
1086 3180 1314 3284 Causarum,
1372 3207 1431 3266 uae

180 3302 419 3414 singulorum
439 3297 560 3382 vitam
575 3291 816 3394 conservant,
838 3295 1088 3408 impellantur.
1101 3293 1150 3377 ad
1164 3315 1326 3380 conatus
1342 3209 1433 3406 ipe·

180 3415 277 3498 ciem
309 3411 417 3496 suam
438 3403 707 3506 conservandi,
737 3401 840 3516 adeb
866 3428 907 3490 ut
936 3401 1102 3490 naturali
1126 3403 1242 3517 plane
1264 3403 1442 3498 vinculo,

19 3619 25 3634 ι
180 3521 264 3606 baec
287 3522 370 3608 duo
388 3515 550 3618 interse
587 3517 860 3602 contradantur
874 3543 897 3616 a,
915 3513 1195 3602 Hinceuimdit
1214 3539 1262 3600 ut
1285 3539 1430 3704 magno

180 3659 316 3718 amore
335 3632 532 3716 socientur
553 3631 657 3730 inter
680 3625 716 3709 se
728 3625 903 3734 animalia
925 3653 1160 3736 congenera,
1183 3627 1275 3710 sexu
1296 3624 1337 3707 di
1372 3623 1432 3710 in·

154 3811 158 3816 -
180 3745 256 3843 tta,
285 3737 386 3826 unde
407 3739 572 3850 plutima
592 3735 663 3821 -fibi
682 3735 977 3844 invicemgrata
1000 3733 1192 3845 praeliant,
1222 3737 1265 3817 δι
1280 3754 1322 3816 ut
1339 3760 1434 3843 pro·

180 3872 336 3936 creetur
363 3851 488 3958 proles
512 3875 629 3961 quam
654 3845 769 3931 velut
801 3843 913 3930 suum
938 3842 1163 3952 sanguinem
1188 3839 1357 3954 diligant
1387 3847 1432 3926 &

182 3981 387 4061 tueantur,
415 3959 485 4044 oili
507 3957 705 4044 insolitum
721 3953 905 4067 quiddam
930 3953 1131 4066 contingat
1150 3953 1262 4065 quod
1275 3973 1434 4034 natura·

181 4071 241 4157 les
267 4097 407 4158 eorum
428 4067 715 4184 ,propeufionss
737 4075 928 4184 immutet.
983 4063 1042 4154 Ea
1071 4087 1200 4152 autem
1224 4083 1311 4170 quae
1326 4101 1327 4104 ι
1340 4049 1432 4138 rari>

866 4175 926 4277 Q
1330 4155 1431 4244 adeb
