3410 4574
549 149 610 252 De
637 148 997 252 Bono'NoturaI'
1350 173 1444 296 ¹57

181 329 435 432 conveniunt,
463 353 509 410 tc
525 327 657 412 onnia
676 324 853 410 animalia
869 325 906 408 in
927 347 1037 410 motu
1056 329 1179 414 cordis
1205 335 1248 417 8<
1274 341 1437 421 aneria-

178 467 265 528 rutrt
288 440 412 551 pulsu,
439 462 506 522 aut
529 463 662 522 omnes
689 436 858 522 homines
879 440 921 521 in
943 436 1127 547 opinione
1145 441 1197 524 de
1223 443 1325 528 nivis
1342 475 1434 532 can·

178 555 292 654 dore,
317 557 359 636 δι
377 547 579 660 splendore
595 547 713 631 solis..
738 547 946 656 spseetiam
963 548 1144 634 Hobbius
1169 553 1293 663 chet
1321 555 1433 640 Ciri-

177 669 248 766 les,
269 663 311 748 id
335 665 479 748 docere
493 660 559 740 ait.
619 657 668 740 In·
686 658 891 742 omnicasu
915 660 1088 768 Legibus
1107 663 1251 774 scriptis
1274 687 1435 773 praeter·

176 775 292 860 misso
304 771 431 882 (quos
444 769 521 880 ipse
544 771 684 854 fatetur
698 770 798 879 perse
813 766 984 854 infinitos
1000 769 1095 872 esse,
1113 772 1135 882 (
1151 807 1181 855 c.
1202 797 1266 876 14-
1284 779 1323 872 ι.
1342 778 1441 887 14.)

177 880 401 970 &infinitas
413 883 499 965 lites
514 907 649 989 parere
663 877 792 987 posse)
808 881 1044 992 sequendam
1055 881 1135 966 esse
1149 886 1297 995 Legem
1314 891 1433 996 atqui·

177 994 271 1078 tatis
294 994 501 1078 naturalis:
542 991 734 1074 Concedit
759 995 856 1100 itaqs
881 994 1003 1100 Leges
1027 995 1213 1078 naturalis
1236 997 1438 1109 aequitatis

176 1103 359 1216 cognosci
382 1101 521 1212 absque
539 1131 619 1208 ope
633 1099 773 1186 Civilis
795 1103 925 1212 Legis,
954 1101 1120 1186 &casus
1145 1106 1271 1212 plures
1293 1104 1445 1192 suffici-⁵

176 1243 290 1300 enter
320 1213 407 1298 inde
426 1213 669 1296 determinari
693 1209 814 1320 posse,
844 1215 961 1324 quini
988 1211 1055 1322 qui
1082 1215 1104 1299 ”a
1133 1215 1301 1326 Legibus
1314 1218 1435 1300 Civi-

175 1328 290 1426 libus,
301 1329 367 1436 apri
384 1351 463 1408 non
485 1320 570 1406 sunt
587 1324 689 1431 pene
704 1321 858 1426 infiniti,
877 1323 1190 1410 determinantur.
1248 1328 1336 1412 Nos
1350 1327 1429 1413 hoc

174 1435 325 1522 tantiam
348 1433 626 1532 contendimus,
653 1433 804 1542 aliquot
821 1435 969 1542 regulas
991 1435 1179 1543 aequitatis
1196 1441 1430 1524 naturaliter·

172 1547 278 1632 adeo
302 1570 415 1632 notas
428 1542 519 1644 esse,
543 1566 587 1626 ut
607 1547 648 1626 in
663 1543 737 1632 iuis
748 1544 899 1627 cordati
922 1543 976 1626 ab
996 1543 1160 1628 invicem
1183 1575 1261 1630 nort
1279 1546 1435 1632 differ·-

98 1683 100 1688 ·
136 1735 139 1740 .
172 1658 282 1740 tiant.
311 1654 574 1740 concedimus
585 1653 734 1738 interim
748 1652 989 1740 libentissime
1003 1655 1121 1738 multa
1139 1656 1217 1740 esse
1233 1657 1423 1766 adiapho-

173 1795 231 1868 ra,
254 1765 318 1852 seu
333 1769 371 1851 in
392 1765 535 1876 quibus
558 1767 661 1846 ratio
686 1763 849 1846 hnmana
875 1763 1143 1848 universaliter
1163 1769 1423 1875 pronunciare

171 1907 250 1962 non
274 1873 401 1984 possit,
430 1871 599 1955 Necesse
621 1872 699 1954 effe
711 1873 760 1954 ad
783 1899 985 1956 commune
1006 1875 1153 1956 bonum
1180 1900 1224 1958 ut
1261 1906 1322 1960 res
1345 1878 1423 1963 hoc

169 1986 301 2098 potius
321 1985 445 2068 modo
462 2004 621 2088 geratur
645 1980 762 2090 quim
782 1983 867 2068 illo.
924 1979 1183 2064 inhisautem
1197 1985 1323 2068 locum
1353 1987 1424 2072 ha·

165 2097 264 2181 benc
289 2094 484 2176 variarum
495 2091 695 2190 civitatum
707 2087 997 2176 constitutiones
1007 2088 1230 2204 variae‚quae
1249 2094 1427 2183 scetan-

166 2229 330 2318 tequam
354 2201 564 2288 sanciantur
591 2200 666 2284 srne
677 2202 834 2284 crimine
855 2225 1037 2313 poterant
1058 2203 1294 2312 impugnati,
1311 2208 1419 2317 post·

66 2367 67 2380 ι
167 2345 292 2430 quarn
310 2337 439 2396 tamen
464 2309 701 2396 authoritate
733 2313 886 2422 publici
916 2315 1155 2414 muniuntur,
1181 2321 1223 2400 8“ι
1257 2343 1419 2430 propter

166 2423 436 2513 conscientiam
454 2449 546 2531 erga
564 2425 711 2522 Deum,
733 2424 845 2528 cujus
862 2423 965 2506 vices
988 2445 1130 2532 gerunt
1155 2424 1417 2532 Magistratus,

166 2541 213 2622 8<
235 2558 394 2646 propter
414 2559 655 2618 communem
673 2532 817 2616 civium
831 2530 1084 2632 soelicitatenr,
1111 2532 1323 2644 pacsrnque
1351 2563 1418 2618 cu·

163 2649 231 2756 jus
252 2645 426 2732 securitas
447 2643 497 2726 ab
519 2641 1002 2753 inviolata'imperantium
1025 2639 1261 2726 authoritate
1286 2648 1422 2752 praci-

163 2756 251 2868 pue
277 2757 436 2866 pendet,
457 2753 598 2838 summe
623 2751 813 2860 religione
840 2748 1197 2836 suntobservandae.
1253 2756 1332 2857 Qui
1547 2797 1550 2804 ·

163 2867 369 2952 evidenter
389 2863 509 2974 magis
527 2863 710 2948 conducit
723 2861 1157 2964 adcommunebonunt,
1186 2883 1230 2947 ut
1249 2867 1293 2950 in
1305 2785 1416 2950 adiit

193 2976 297 3062 horis
318 2981 360 3060 St
381 2974 510 3058 dubiis
530 2975 722 3058 sententie
748 2972 995 3082 Magistratds
1021 2973 1166 3073 valeat,
1192 2972 1314 3086 idque
1337 3005 1414 3086 pro

246 3085 527 3174 ahabeaturi
557 3080 732 3182 subditis,
761 3084 870 3192 quod
902 3083 1106 3196 insperanti
1134 3083 1214 3166 tale
1239 3085 1414 3188 videtur,

165 3199 282 3308 quim
306 3218 351 3278 ut
374 3216 523 3278 aeternae
541 3197 642 3276 inter
662 3219 728 3274 eos
754 3192 841 3277 lites
864 3221 910 3277 ea
935 3194 986 3277 de
1018 3220 1062 3276 re
1084 3216 1277 3296 maneant,
1307 3197 1414 3282 unde

165 3303 488 3499 bessariaefflue’
503 3331 587 3418 quae
600 3325 711 3388 extra
727 3300 887 3388 dubium
899 3305 997 3387 mala
1008 3301 1109 3407 sunt,
1120 3304 1266 3390 merito
1281 3303 1416 3392 forent

166 3441 216 3498 ert
303 3445 323 3498 a
411 3475 424 3498 .

220 3445 347 3623 iilv.
371 3523 502 3612 Est&
527 3523 620 3608 alius
636 3521 786 3608 Hobbii
810 3524 933 3608 Error
957 3523 1056 3608 circa
1076 3526 1257 3652 Bonumg
1268 3550 1411 3634 nempe
1456 3613 1459 3618 ,

194 3635 276 3721 uod
287 3634 478 3742 objesiunt
489 3635 702 3720 voluntatis
712 3633 883 3720 humanae
897 3632 990 3720 srtid
1005 3635 1113 3744 quod
1125 3643 1336 3746 unicuique
1351 3639 1411 3724 vi·

164 3663 281 3830 detur
294 3743 567 3829 bonurnsrbide
580 3755 668 3828 Cina
681 3765 753 3830 ct.
770 3756 878 3830 artic.
895 3771 933 3827 a.
948 3741 1056 3826 idem
1067 3739 1151 3828 sere
1165 3744 1213 3826 src
1223 3746 1411 3853 exprimi·

165 3881 226 3941 tur
240 3860 285 3940 de
296 3865 385 3940 cive
396 3887 428 3938 c.
447 3879 486 3960 3.
499 3863 608 3963 Lol.
624 3854 880 3969 Unusquisque
890 3851 1118 3988 presumitur
1129 3855 1411 3976 botmfisu'nae·

163 3971 349 4068 wasser,
360 3963 506 4080 justat»
519 3985 660 4078 propser
665 3991 789 4079 pacem
801 3987 946 4049 rmum
967 3962 1018 4055 ὠ
1042 3989 1111 4076 par
1130 3965 1301 4050 accidens
1313 3991 1407 4074 qu-

162 4105 252 4167 rere.
293 4079 452 4188 Nempe
475 4077 616 4186 justum
640 4079 802 4164 alienum
827 4073 984 4202 respicit
1008 4075 1170 4175 bonurn,
1193 4072 1408 4258 wifam

1218 4201 1282 4262 esu
1315 4199 1410 4263 ruat
