3392 4572
287 255 381 353 340
669 209 732 308 Dc
759 207 922 342 origine
952 203 1135 304 Dorainii
1160 213 1213 314 da

286 403 681 516 versalisimperatur.
721 401 833 485 Nihil
846 401 947 484 enim
968 401 1072 487 aliud
1086 399 1259 510 praecipit
1283 424 1538 516 praeterquam

288 519 401 632 qudd
423 520 465 602 in
485 515 646 624 justitia
679 509 905 613 definitione
927 509 1162 618 Justinianei
1187 515 1552 626 commodeexpli·

290 633 377 718 cati
393 629 641 722 continetur3
668 647 753 732 quae
771 621 818 703 fic
832 619 869 703 se
891 620 1019 706 habet.
1077 621 1292 740 Jiestitr'aest
1310 623 1540 745 conflans&

241 805 253 820 .
287 761 455 854 perpetua
479 741 651 846 voluptas
670 739 740 839 jur
752 733 863 843 ficum
881 742 1011 846 cuique
1032 735 1234 818 tribuendi.
1292 737 1378 820 Nos
1394 751 1397 756 “
1413 761 1540 822 autem

293 880 427 937 omnes
451 848 618 934 adiones
634 849 873 930 voluntarias
899 843 1078 953 imperari
1101 845 1269 931 diximus
1299 848 1433 931 eadem
1459 851 1553 956 lege·

293 987 378 1076 quae
399 959 641 1070 prudentiam
664 952 859 1055 summam,
888 951 1067 1063 adedipue
1081 953 1330 1040 constantiam
1349 987 1393 1042 ac
1412 960 1547 1042 mode·

295 1072 487 1160 rationem
509 1097 582 1152 nec
608 1095 687 1152 non
714 1065 1041 1166 benevolentiam,
1055 1065 1132 1146 &o
1158 1071 1348 1174 imperat:
1377 1067 1556 1179 idedque·

297 1181 385 1272 satis
407 1179 623 1264 curavimus
643 1201 686 1258 ut
701 1178 879 1264 voluntas
896 1177 934 1256 in
958 1173 1015 1258 his
1039 1199 1227 1282 occupata
1252 1176 1428 1263 constans
1450 1175 1563 1268 srt8t.

298 1313 500 1408 perpetua.
543 1287 660 1392 Qrod
681 1311 806 1370 autem
830 1287 896 1368 ille
919 1293 1043 1398 cuique
1056 1285 1275 1370 tribnidicit
1306 1289 1346 1372 id
1369 1317 1439 1374 nos
1456 1317 1550 1374 con·

301 1405 490 1488 tendimus
513 1401 561 1482 ad
578 1426 711 1483 omnes
738 1395 967 1480 Rationales
981 1393 1180 1505 ipsumque
1200 1397 1311 1484 adeo
1322 1399 1452 1482 Deum
1468 1397 1556 1509 spe-

303 1517 417 1602 stare.
447 1503 1405 1617 Hincresaliasdivioae,aliashumanas‚quasdam
1419 1510 1553 1617 sacras,

160 1659 163 1668 ⁴
302 1621 487 1733 quasdam
511 1615 690 1728 profanas
716 1615 793 1700 effe
817 1617 961 1699 debere
985 1617 1161 1698 dicimus.
1215 1619 1399 1730 Denique
1426 1619 1556 1704 irain-

303 1733 510 1842 telligimus
533 1733 592 1836 jus
615 1727 745 1828 tribui,
766 1747 810 1809 ut
833 1723 1023 1837 quicquid
1043 1725 1182 1836 cuique
1203 1733 1406 1839 ¹proprium
1432 1749 1503 1812 aut
1531 1731 1555 1813 a

307 1845 418 1945 Deo,
443 1863 510 1924 aut
532 1838 583 1922 ab
596 1835 818 1922 hominibus
839 1835 1001 1919 antehac
1016 1835 1155 1920 fadum
1177 1838 1294 1922 fixerit
1316 1838 1564 1950 agnoscatur‚·

305 1955 380 2039 iliis
413 1951 666 2036 conservetur
698 1949 954 2036 inviolatumt
993 1967 1113 2056 atque
1132 1947 1293 2058 insuper·
1314 1973 1356 2033 ut
1380 1978 1440 2032 res
1469 1977 1557 2061 quat

307 2063 480 2150 nondum
493 2063 531 2144 in
545 2059 779 2170 finguiorum
793 2062 1075 2169 proprietatem
1088 2057 1279 2162 cesserint,
1295 2089 1350 2145 eo
1364 2059 1485 2144 modo
1503 2060 1561 2142 in·

310 2199 369 2258 ter
382 2201 512 2262 omnes
533 2171 710 2254 distribui
724 2169 1019 2269 consentiamus,
1041 2172 1110 2280 qui
1131 2169 1559 2255 maximeconducatad

309 2311 446 2394 pacem
473 2286 575 2366 inter
589 2283 785 2365 umnec&
806 2304 1049 2364 communem
1073 2281 1312 2365 foelicitatem
1332 2278 1562 2366 conseruan-

310 2393 455 2481 dam&
479 2391 755 2476 stabiliendam.
796 2389 891 2473 Non
901 2391 1149 2476 incommode
1166 2391 1283 2475 verba
1295 2391 1348 2473 ita
1363 2394 1562 2502 explicet*

310 2529 402 2594 ture
424 2507 465 2589 8(
490 2503 598 2588 certe
614 2501 782 2610 ejusdem
808 2499 863 2582 est
877 2501 1044 2602 virtutis,
1067 2507 1109 2586 8<
1134 2506 1251 2585 animi
1272 2529 1332 2585 res
1347 2503 1561 2614 operasque

311 2613 495 2700 humanas
514 2613 563 2696 ad
598 2641 803 2698 commune
825 2611 968 2694 bonum
992 2611 1143 2724 partiri,
1167 2617 1208 2696 8<
1235 2613 1392 2723 partitae
1416 2617 1458 2697 iu
1473 2641 1562 2696 eun·

313 2725 403 2808 dem
427 2723 794 2824 finemconservare,
813 2718 1037 2804 divisionem
1051 2721 1195 2824 facere,
1213 2730 1253 2810 8<
1276 2720 1381 2809 sadae
1406 2721 1562 2810 consen·

313 2831 403 2919 tire.
461 2837 714 2942 Qrapropter
730 2835 864 2916 eadem
886 2834 1073 2939 generalis
1097 2833 1252 2920 Naturae
1273 2833 1358 2918 Lex
1381 2839 1563 2920 utrumvis

316 2943 455 3029 horum
486 2941 635 3026 eduum
663 2945 844 3052 imperat,
867 2969 957 3024 eum
984 2940 1128 3026 scilicet
1154 2973 1271 3055 quem
1302 2945 1422 3029 darua-
1438 2971 1566 3030 rerum

318 3056 435 3140 status
461 3053 714 3166 postulaverit
739 3055 779 3135 in
805 3052 944 3137 ordine
964 3053 1013 3135 ad
1035 3049 1154 3137 finem·
1171 3083 1289 3166 quem
1301 3055 1487 3165 imprimis
1510 3083 1570 3141 re·

317 3167 409 3277 spici
431 3165 553 3272 jubet.
595 3167 822 3266 Qtinetiam
848 3163 989 3248 addere
1011 3163 1292 3250 licet-eandem·
1311 3165 1453 3274 Legem
1478 3165 1573 3248 finis

318 3277 455 3388 aperte
482 3276 654 3359 homines
675 3275 842 3385 dirigere
863 3275 911 3358 ad
935 3275 1121 3384 agendam
1147 3277 1431 3386 poenitentiam,
1449 3297 1573 3388 atque

320 3387 371 3470 ad
392 3387 675 3488 reparationem
699 3385 826 3470 damni
842 3383 1064 3469 faciendam·
1076 3387 1210 3498 quoad
1227 3382 1460 3496 poffumus,fi
1474 3385 1573 3500 quid

320 3520 455 3582 contra
479 3521 566 3576 eam
579 3487 778 3576 admiffum
797 3495 929 3578 fuerit.
969 3495 1011 3580 ln
1026 3497 1196 3608 Legibus
1207 3499 1308 3583 enim
1321 3519 1476 3580 'naturae
1493 3527 1573 3582 non

321 3614 345 3691 s
342 3610 541 3714 pedanrur
562 3603 767 3687 verborum
790 3605 916 3713 apices
944 3627 988 3688 ut
1003 3603 1048 3691 fit
1073 3609 1300 3723 pierumque
1320 3609 1360 3689 iu
1384 3605 1573 3719 pofitivis,

317 3717 386 3801 sed
413 3711 568 3800 effertus
589 3714 753 3827 expetiti
775 3715 1004 3801 Prosecutio
1025 3715 1292 3803 efficaciffima:
1318 3721 1483 3826 Nempe
1497 3719 1574 3801 Bo·

323 3853 417 3909 num
443 3824 662 3910 Commune
688 3827 845 3932 optime
863 3826 1062 3912 obtinetur
1089 3857 1159 3940 per
1180 3827 1366 3936 Justitiam
1388 3825 1573 3938 nusquam

324 3933 584 4036 aberrantem,
608 3935 785 4043 proxime
808 3957 937 4020 autem
962 3937 1398 4049 perrefipiscentiam&
1421 3937 1575 4030 restitue

325 4051 471 4132 tionem
494 4043 634 4150 siquid
646 4043 751 4128 secus
767 4045 905 4131 fartum
927 4045 1057 4155 fuerit,
1081 4052 1188 4160 quod
1203 4079 1272 4162 per
1286 4051 1575 4159 humanigene·

326 4153 1012 4270 risimbecillitatemsaepecontingit.
1301 4239 1305 4246 .
1364 4269 1513 4370 ΗΑ

929 4317 935 4326 ”
1392 4335 1399 4354 ι
1454 4333 1464 4355 .
1517 4295 1576 4353 m·
1676 4329 1677 4357 a
