3392 4572
454 112 481 128 ..
533 164 538 174 '
581 140 791 238 Virtutum
819 137 1065 250 Moralium.
1346 149 1439 282 34'1

252 313 290 409 i.
316 311 373 394 VJ
410 305 668 418 Ampliffimus
706 308 768 393 htc
796 309 877 392 sese
911 305 1029 394 offert
1066 312 1173 398 locus
1207 313 1445 428 disquirendi

196 417 454 530 ('i)deJure
479 421 560 504 Dei
587 425 626 505 in
641 421 722 502 Res
744 423 785 503 &
810 417 1005 522 Personas,
1034 425 1074 506 ὃ(
1094 423 1144 506 de
1165 425 1284 510 modo
1301 457 1383 540 quo
1398 435 1449 516 it„

191 531 261 614 lud
289 529 354 642 ipfi
380 553 603 644 competere
639 528 814 614 homines
846 529 1037 614 ediscunt:
1079 531 1225 642 (2)de
1250 533 1448 630 Dominio

190 639 387 726 hominum
407 643 472 726 seu
490 641 541 726 de
558 644 697 751 iisquae
720 639 848 724 nostra
860 637 1027 726 suntaut
1043 645 1129 750 jure
1151 655 1341 734 communi
1355 679 1441 736 orn·

187 754 311 852 nium,
332 773 403 836 aut
417 753 548 836 nostro
574 751 779 862 singulari:
808 752 858 833 de
877 751 1016 861 quibus
1032 777 1194 864 utraque
1216 757 1292 866 agit
1308 757 1442 848 Deca÷

187 859 270 973 logi
287 862 445 961 tabulat
472 865 514 946 8<
534 862 613 946 late
628 863 800 945 Grotius
821 861 866 944 de
890 863 980 974 Jure
994 863 1085 948 nella·
1109 867 1172 949 lib.
1191 889 1227 948 a.
1243 896 1318 980 cap.
1334 894 1369 954 2.
1395 883 1439 962 &

185 969 432 1082 sequentibus
461 973 602 1056 multis.
645 973 789 1055 Verdm
802 975 906 1080 prius
927 974 1066 1059 omitto
1078 1003 1126 1058 nc
1151 977 1190 1060 in
1204 1005 1438 1068 controvcrae

181 1079 253 1166 fias
274 1083 441 1168 incidam
465 1081 749 1191 Theologicast
776 1085 817 1166 dc
842 1083 1064 1195 secundum,
1079 1115 1127 1172 ne
1154 1087 1193 1170 in
1218 1089 1437 1176 immensum

182 1193 326 1279 crescat
340 1195 447 1304 quod
457 1195 660 1302 scripturus
673 1191 749 1274 sum
772 1193 966 1278 volumen.
1013 1197 1145 1278 Visum
1158 1196 1350 1286 esttamen
1366 1203 1435 1290 hic

181 1301 276 1388 illud
297 1333 472 1406 monere,
502 1303 735 1387 Generalem
759 1301 856 1386 hanc
880 1306 1005 1415 legem
1030 1301 1287 1392 differentiam
1308 1340 1433 1424 quan·

179 1413 270 1498 dam
294 1413 412 1525 figere
433 1417 533 1498 inter
553 1415 633 1495 Res
661 1418 703 1498 δι
726 1414 1009 1526 Personaaquae
1034 1415 1129 1500 Deo
1143 1415 1434 1536 consectantur,¹

181 1529 227 1610 ὃ(
261 1553 322 1608 eas
342 1553 426 1635 quae
452 1523 719 1608 communibus
753 1522 950 1608 hominum
966 1522 1101 1610 ¹usibus
1140 1530 1431 1639 permittuntur.

179 1631 305 1720 Efficit
328 1638 426 1720 enim
450 1636 528 1718 haec
551 1631 774 1720 distributio
799 1633 1105 1745 Domitiorum,
1121 1659 1167 1722 ut
1188 1662 1329 1748 praeter
1344 1649 1433 1730 uni·

176 1745 324 1830 versale
337 1745 430 1828 illud
451 1743 664 1829 dominium
678 1749 718 1828 in
727 1743 858 1830 omnia
870 1745 980 1856 quod
996 1747 1430 1865 Deo-comperiaqu0d1

175 1855 344 1940 confistir
365 1879 454 1938 cum
470 1853 716 1940 subordinate
736 1855 935 1939 hominum
953 1859 1192 1970 proprietate
1215 1861 1252 1943 in
1267 1866 1428 1952 reseas-t

172 1965 292 2075 demi,
316 1965 391 2054 srnt,
406 1987 588 2076 praterea
612 1965 788 2076 quaedam
825 1967 922 2051 Deo
940 1966 1182 2078 peculiaria,
1203 1991 1285 2052 tum
1318 1979 1428 2059 intem

172 2076 383 2185 Personam
401 2098 441 2158 ut
466 2075 652 2184 Reges&
666 2075 907 2178 Sacerdotes,
929 2099 1012 2160 tum
1026 2077 1215 2180 intentes,
1229 2101 1426 2193 tempora,

173 2189 216 2268 8<
238 2187 338 2287 loca,
363 2208 509 2298 utquae
535 2187 593 2268 illi
620 2185 920 2271 consecrantur.'
943 2189 1076 2300 Atque
1100 2189 1318 2300 insuperex
1341 2193 1429 2280 hoc,
1506 2233 1510 2238 ·

167 2297 283 2382 fonte
303 2297 472 2382 derivari
487 2325 622 2382 omnes
640 2293 875 2406 legesbonar
887 2325 969 2409 quae
982 2299 1157 2384 homines
1172 2301 1336 2388 iimitant
1351 2329 1436 2390 aut·

166 2410 342 2518 dirigunt
367 2411 408 2490 in
429 2403 548 2492 rebus
570 2409 663 2492 Deo
676 2408 859 2512 dicanda,
871 2412 1004 2520 quales
1025 2409 1112 2492 suot
1124 2409 1263 2520 quibus
1277 2415 1420 2498 immua

164 2521 303 2604 nitates
342 2518 489 2606 uaedam
511 2515 581 2600 iliis
601 2518 882 2618 conceduntur,
907 2541 974 2604 ant
992 2522 1163 2604 econtrd
1177 2519 1421 2629 quibusmoq

164 2629 236 2714 dus
247 2548 402 2740 quidam
417 2627 667 2738 praescribitnr
680 2627 796 2713 rebus
837 2629 1222 2737 uaeinMortnam(ut
1242 2635 1420 2742 loquum.

163 2763 229 2823 tur
254 2739 355 2848 ltu)
382 2767 529 2822 manum
547 2737 733 2823 devenire
757 2659 937 2850 possunt:
965 2741 1055 2852 Ego
1076 2741 1158 2826 baec
1179 2741 1307 2826 obiter
1327 2767 1412 2830 tan·

160 2848 245 2934 tirm
259 2848 442 3043 indiqaffe
459 2871 660 2934 contentus
682 2847 774 2951 sum,
801 2857 987 2962 qnoniam
1002 2855 1213 2964 precipuus
1232 2855 1270 2937 in
1292 2880 1414 2963 quem

158 2961 324 3046 collimo
352 2987 471 3070 copus
482 2961 514 3043 is
535 2959 645 3066 estut
666 2959 888 3046 ostendatur
907 2961 973 3070 Jus
993 2991 1110 3047 omne
1124 2962 1237 3070 quod
1260 2966 1411 3048 *anobis

158 3068 463 3183 acquirituresse
485 3093 556 3152 ant
574 3075 616 3154 in
637 3069 918 3180 nosmet-ipsos,
939 3071 1048 3184 quod
1069 3072 1219 3154 libertas
1250 3071 1411 3176 dicitnr,

159 3204 225 3264 aut
250 3181 290 3264 in
316 3209 373 3264 res
398 3209 470 3290 per
493 3183 791 3290 occupationem
823 3203 892 3266 aut
907 3177 1250 3293 ¹per-divisionem,
1275 3203 1340 3262 aut
1364 3186 1406 3266 in
1431 3247 1433 3254 .
1483 3281 1486 3288 ,

155 3289 333 3482 flersonas
346 3291 369 3374 i
383 3289 674 3375 nobisdiversas
689 3296 1018 3399 exgenerationc,
1037 3288 1234 3397 consensu,
1257 3293 1406 3378 auena.

173 3396 249 3486 uo
269 3401 382 3487 nobis
398 3401 613 3486 concessum
627 3399 705 3484 esse
727 3401 750 3484 i
774 3402 979 3488 voluntate
1001 3401 1137 3486 Primae
1162 3399 1293 3484 Causa
1318 3401 1411 3488 san..

154 3511 288 3596 cientis
310 3512 529 3622 primariam
543 3513 643 3593 illam
658 3511 804 3619 Legem
816 3513 870 3595 de
883 3510 1152 3623 prosecutione
1171 3511 1269 3595 Boni
1281 3509 1400 3598 Com·

152 3621 291 3706 munis.
334 3621 437 3702 Hinc
462 3619 766 3706 enimevincitur
788 3650 858 3732 per
881 3621 1160 3722 induitionem,
1183 3622 1315 3706 Omne
1339 3628 1400 3730 jus

151 3730 356 3817 hominum
377 3735 399 3818 ὲ
422 3731 529 3840 Lege
542 3729 695 3832 deduci,
721 3731 912 3816 &eadem
925 3732 1035 3842 Lege
1056 3727 1287 3841 fingulorum
1308 3733 1399 3838 jura

150 3845 205 3924 ita
219 3841 388 3944 limitari,
403 3861 446 3924 nt
459 3839 599 3926 nemini
610 3845 671 3948 jus
685 3840 727 3922 fit
748 3841 902 3949 publica
917 3841 1119 3928 commoda
1130 3841 1318 3944 motandi,
1330 3865 1398 3924 aut

148 3953 264 4036 alteri
278 3955 401 4037 cuivis
414 3957 482 4148 qsui
495 3953 813 4035 communitatem
829 3949 907 4037 non
921 3951 1007 4036 laesrt
1021 3949 1208 4060 eripiendi
1222 3951 1337 4031 vitam
1353 3953 1399 4038 δι
1416 4026 1422 4036 ,

149 4063 409 4174 qnaeillinece
444 4061 523 4148 aria
538 4060 675 4150 suntut
689 4066 880 4152 communi
894 4063 1000 4156 bono
1013 4061 1202 4152 deservire
1211 4057 1337 4167 poffit.

196 4163 203 4186 ⁴
697 4173 775 4258 Xx
802 4195 853 4280 3„
1123 4171 1426 4272 §.V1.Q1an-.
