<?xml version="1.0" encoding="UTF-8"?>
<!DOCTYPE html PUBLIC "-//W3C//DTD XHTML 1.0 Transitional//EN"
    "http://www.w3.org/TR/xhtml1/DTD/xhtml1-transitional.dtd">
<html xmlns="http://www.w3.org/1999/xhtml" xml:lang="en" lang="en">
 <head>
  <title>
</title>
<meta http-equiv="Content-Type" content="text/html;charset=utf-8" />
  <meta name='ocr-system' content='tesseract 3.04.00' />
  <meta name='ocr-capabilities' content='ocr_page ocr_carea ocr_par ocr_line ocrx_word'/>
</head>
<body>
  <div class='ocr_page' id='page_1' title='image "./delegibusnatura00cumbgoog_0198.png"; bbox 0 0 3410 4574; ppageno 0'>
   <div class='ocr_carea' id='block_1_1' title="bbox 283 178 1492 309">
    <p class='ocr_par' dir='ltr' id='par_1_1' title="bbox 283 178 1492 309">
     <span class='ocr_line' id='line_1_1' title="bbox 283 178 1492 309; baseline -0.04 1"><span class='ocrx_word' id='word_1_1' title='bbox 283 205 381 309; x_wconf 76' lang='lat' dir='ltr'>i2‘6</span> <span class='ocrx_word' id='word_1_2' title='bbox 612 193 677 294; x_wconf 84' lang='lat' dir='ltr'>De</span> <span class='ocrx_word' id='word_1_3' title='bbox 707 183 887 288; x_wconf 80' lang='lat' dir='ltr'>Natura</span> <span class='ocrx_word' id='word_1_4' title='bbox 913 178 1130 306; x_wconf 74' lang='lat' dir='ltr'>Humana,</span> <span class='ocrx_word' id='word_1_5' title='bbox 1172 190 1225 291; x_wconf 63' lang='lat' dir='ltr'>(a</span> <span class='ocrx_word' id='word_1_6' title='bbox 1355 244 1358 250; x_wconf 79' lang='lat'>·</span> <span class='ocrx_word' id='word_1_7' title='bbox 1488 254 1492 262; x_wconf 86' lang='lat'>.</span> 
     </span>
    </p>
   </div>
   <div class='ocr_carea' id='block_1_2' title="bbox 134 351 1534 924">
    <p class='ocr_par' dir='ltr' id='par_1_2' title="bbox 134 351 1534 924">
     <span class='ocr_line' id='line_1_2' title="bbox 241 351 1527 489; baseline -0.018 -23"><span class='ocrx_word' id='word_1_8' title='bbox 241 351 396 466; x_wconf 63' lang='lat' dir='ltr'>v‘multu</span> <span class='ocrx_word' id='word_1_9' title='bbox 416 363 580 457; x_wconf 82' lang='lat' dir='ltr'>ferenda</span> <span class='ocrx_word' id='word_1_10' title='bbox 595 365 670 452; x_wconf 86' lang='lat' dir='ltr'>esse</span> <span class='ocrx_word' id='word_1_11' title='bbox 685 361 787 479; x_wconf 82' lang='lat' dir='ltr'>pacis</span> <span class='ocrx_word' id='word_1_12' title='bbox 801 358 994 474; x_wconf 86' lang='lat' dir='ltr'>servandae</span> <span class='ocrx_word' id='word_1_13' title='bbox 1017 359 1142 460; x_wconf 71' lang='lat' dir='ltr'>causa,</span> <span class='ocrx_word' id='word_1_14' title='bbox 1159 355 1376 489; x_wconf 75' lang='lat' dir='ltr'>suggeritq3</span> <span class='ocrx_word' id='word_1_15' title='bbox 1391 355 1527 446; x_wconf 81' lang='lat' dir='ltr'>modus</span> 
     </span>
     <span class='ocr_line' id='line_1_3' title="bbox 258 467 1525 593; baseline -0.017 -18"><span class='ocrx_word' id='word_1_16' title='bbox 258 477 409 574; x_wconf 65' lang='lat' dir='ltr'>··var·roi</span> <span class='ocrx_word' id='word_1_17' title='bbox 431 483 570 593; x_wconf 86' lang='lat' dir='ltr'>quibus</span> <span class='ocrx_word' id='word_1_18' title='bbox 592 477 732 562; x_wconf 88' lang='lat' dir='ltr'>tentari</span> <span class='ocrx_word' id='word_1_19' title='bbox 755 469 868 586; x_wconf 88' lang='lat' dir='ltr'>poffit</span> <span class='ocrx_word' id='word_1_20' title='bbox 884 467 1278 584; x_wconf 69' lang='lat' dir='ltr'>pacificeemendatio</span> <span class='ocrx_word' id='word_1_21' title='bbox 1298 471 1525 580; x_wconf 85' lang='lat' dir='ltr'>talrsculpae.</span> 
     </span>
     <span class='ocr_line' id='line_1_4' title="bbox 270 577 1530 702; baseline -0.017 -18"><span class='ocrx_word' id='word_1_22' title='bbox 270 599 417 683; x_wconf 77' lang='lat' dir='ltr'>‘Tuum</span> <span class='ocrx_word' id='word_1_23' title='bbox 430 591 625 702; x_wconf 81' lang='lat' dir='ltr'>judicium</span> <span class='ocrx_word' id='word_1_24' title='bbox 650 585 809 698; x_wconf 86' lang='lat' dir='ltr'>appello</span> <span class='ocrx_word' id='word_1_25' title='bbox 828 577 1149 692; x_wconf 68' lang='lat' dir='ltr'>(amice-teum)</span> <span class='ocrx_word' id='word_1_26' title='bbox 1170 609 1218 665; x_wconf 90' lang='lat' dir='ltr'>an</span> <span class='ocrx_word' id='word_1_27' title='bbox 1244 579 1411 665; x_wconf 80' lang='lat' dir='ltr'>hominis</span> <span class='ocrx_word' id='word_1_28' title='bbox 1433 607 1530 664; x_wconf 90' lang='lat' dir='ltr'>con·</span> 
     </span>
     <span class='ocr_line' id='line_1_5' title="bbox 134 691 1529 802; baseline -0.018 -1"><span class='ocrx_word' id='word_1_29' title='bbox 134 693 139 702; x_wconf 47' lang='grc'><strong>’</strong></span> <span class='ocrx_word' id='word_1_30' title='bbox 260 709 379 798; x_wconf 85' lang='lat' dir='ltr'>ditio</span> <span class='ocrx_word' id='word_1_31' title='bbox 391 704 562 791; x_wconf 87' lang='lat' dir='ltr'>deterior</span> <span class='ocrx_word' id='word_1_32' title='bbox 575 697 618 782; x_wconf 88' lang='lat' dir='ltr'>srt</span> <span class='ocrx_word' id='word_1_33' title='bbox 641 695 870 782; x_wconf 86' lang='lat' dir='ltr'>conditione</span> <span class='ocrx_word' id='word_1_34' title='bbox 883 691 1094 790; x_wconf 84' lang='lat' dir='ltr'>brutorum¹¹</span> <span class='ocrx_word' id='word_1_35' title='bbox 1103 691 1194 802; x_wconf 89' lang='lat' dir='ltr'>quia</span> <span class='ocrx_word' id='word_1_36' title='bbox 1208 693 1361 775; x_wconf 89' lang='lat' dir='ltr'>ratione</span> <span class='ocrx_word' id='word_1_37' title='bbox 1372 693 1529 776; x_wconf 82' lang='lat' dir='ltr'>utitur?</span> 
     </span>
     <span class='ocr_line' id='line_1_6' title="bbox 282 793 1534 924; baseline -0.019 -16"><span class='ocrx_word' id='word_1_38' title='bbox 282 829 429 914; x_wconf 84' lang='lat' dir='ltr'>Annon</span> <span class='ocrx_word' id='word_1_39' title='bbox 449 809 578 924; x_wconf 77' lang='lat' dir='ltr'>potitis</span> <span class='ocrx_word' id='word_1_40' title='bbox 602 808 734 920; x_wconf 73' lang='lat' dir='ltr'>inique</span> <span class='ocrx_word' id='word_1_41' title='bbox 754 803 804 888; x_wconf 90' lang='lat' dir='ltr'>de</span> <span class='ocrx_word' id='word_1_42' title='bbox 829 799 1050 886; x_wconf 75' lang='lat' dir='ltr'>homiuibus</span> <span class='ocrx_word' id='word_1_43' title='bbox 1068 793 1241 886; x_wconf 85' lang='lat' dir='ltr'>statuerit</span> <span class='ocrx_word' id='word_1_44' title='bbox 1258 801 1442 885; x_wconf 84' lang='lat' dir='ltr'>Hobbius</span> <span class='ocrx_word' id='word_1_45' title='bbox 1462 799 1534 914; x_wconf 88' lang='lat' dir='ltr'>qui</span> 
     </span>
    </p>
   </div>
   <div class='ocr_carea' id='block_1_3' title="bbox 264 912 1534 1026">
    <p class='ocr_par' dir='ltr' id='par_1_3' title="bbox 264 912 1534 1026">
     <span class='ocr_line' id='line_1_7' title="bbox 264 912 1534 1026; baseline -0.013 -12"><span class='ocrx_word' id='word_1_46' title='bbox 264 953 418 1018; x_wconf 80' lang='lat' dir='ltr'>¹eorum</span> <span class='ocrx_word' id='word_1_47' title='bbox 438 931 630 1009; x_wconf 88' lang='lat' dir='ltr'>rationem</span> <span class='ocrx_word' id='word_1_48' title='bbox 644 945 748 1001; x_wconf 87' lang='lat' dir='ltr'>ream</span> <span class='ocrx_word' id='word_1_49' title='bbox 773 917 925 1026; x_wconf 88' lang='lat' dir='ltr'>peragit</span> <span class='ocrx_word' id='word_1_50' title='bbox 936 913 1106 994; x_wconf 88' lang='lat' dir='ltr'>omniurn</span> <span class='ocrx_word' id='word_1_51' title='bbox 1128 912 1364 998; x_wconf 86' lang='lat' dir='ltr'>miseriarum</span> <span class='ocrx_word' id='word_1_52' title='bbox 1384 914 1405 994; x_wconf 76' lang='grc' dir='ltr'>ὲ</span> <span class='ocrx_word' id='word_1_53' title='bbox 1430 914 1534 997; x_wconf 88' lang='lat' dir='ltr'>bello</span> 
     </span>
    </p>
   </div>
   <div class='ocr_carea' id='block_1_4' title="bbox 157 1013 1679 1128">
    <p class='ocr_par' dir='ltr' id='par_1_4' title="bbox 157 1013 1679 1128">
     <span class='ocr_line' id='line_1_8' title="bbox 157 1013 1679 1128; baseline -0.012 -5"><span class='ocrx_word' id='word_1_54' title='bbox 157 1113 162 1123; x_wconf 91' lang='lat'><em>.</em></span> <span class='ocrx_word' id='word_1_55' title='bbox 286 1033 535 1128; x_wconf 82' lang='lat' dir='ltr'>&amp;discordia</span> <span class='ocrx_word' id='word_1_56' title='bbox 560 1055 694 1117; x_wconf 90' lang='lat' dir='ltr'>orturn</span> <span class='ocrx_word' id='word_1_57' title='bbox 716 1025 976 1124; x_wconf 67' lang='lat' dir='ltr'>trahentium</span> <span class='ocrx_word' id='word_1_58' title='bbox 1007 1013 1129 1106; x_wconf 81' lang='lat' dir='ltr'>&amp;hac</span> <span class='ocrx_word' id='word_1_59' title='bbox 1142 1021 1191 1112; x_wconf 89' lang='lat' dir='ltr'>de</span> <span class='ocrx_word' id='word_1_60' title='bbox 1205 1021 1316 1105; x_wconf 87' lang='lat' dir='ltr'>causa</span> <span class='ocrx_word' id='word_1_61' title='bbox 1332 1025 1536 1107; x_wconf 84' lang='lat' dir='ltr'>contendit</span> <span class='ocrx_word' id='word_1_62' title='bbox 1678 1079 1679 1092; x_wconf 27' lang='lat' dir='ltr'>a</span> 
     </span>
    </p>
   </div>
   <div class='ocr_carea' id='block_1_5' title="bbox 268 1127 1556 2906">
    <p class='ocr_par' dir='ltr' id='par_1_5' title="bbox 268 1127 1556 2906">
     <span class='ocr_line' id='line_1_9' title="bbox 268 1127 1538 1252; baseline -0.013 -17"><span class='ocrx_word' id='word_1_63' title='bbox 268 1147 463 1235; x_wconf 74' lang='lat' dir='ltr'>‘homines</span> <span class='ocrx_word' id='word_1_64' title='bbox 476 1140 600 1228; x_wconf 80' lang='lat' dir='ltr'>minias</span> <span class='ocrx_word' id='word_1_65' title='bbox 626 1136 761 1252; x_wconf 70' lang='lat' dir='ltr'>pacate</span> <span class='ocrx_word' id='word_1_66' title='bbox 786 1137 886 1219; x_wconf 89' lang='lat' dir='ltr'>inter</span> <span class='ocrx_word' id='word_1_67' title='bbox 906 1134 943 1216; x_wconf 89' lang='lat' dir='ltr'>se</span> <span class='ocrx_word' id='word_1_68' title='bbox 957 1161 1089 1246; x_wconf 81' lang='lat' dir='ltr'>agere,</span> <span class='ocrx_word' id='word_1_69' title='bbox 1118 1135 1234 1246; x_wconf 67' lang='lat' dir='ltr'>quim</span> <span class='ocrx_word' id='word_1_70' title='bbox 1252 1131 1365 1216; x_wconf 91' lang='lat' dir='ltr'>bruta</span> <span class='ocrx_word' id='word_1_71' title='bbox 1379 1127 1538 1220; x_wconf 89' lang='lat' dir='ltr'>irratio·</span> 
     </span>
     <span class='ocr_line' id='line_1_10' title="bbox 287 1239 1539 1358; baseline -0.018 -10"><span class='ocrx_word' id='word_1_72' title='bbox 287 1259 416 1348; x_wconf 82' lang='lat' dir='ltr'>nasia?</span> <span class='ocrx_word' id='word_1_73' title='bbox 445 1253 594 1340; x_wconf 81' lang='lat' dir='ltr'>Veritm</span> <span class='ocrx_word' id='word_1_74' title='bbox 614 1273 744 1336; x_wconf 89' lang='lat' dir='ltr'>totum</span> <span class='ocrx_word' id='word_1_75' title='bbox 752 1247 828 1332; x_wconf 89' lang='lat' dir='ltr'>hoc</span> <span class='ocrx_word' id='word_1_76' title='bbox 841 1241 950 1358; x_wconf 89' lang='lat' dir='ltr'>quod</span> <span class='ocrx_word' id='word_1_77' title='bbox 961 1241 1167 1354; x_wconf 89' lang='lat' dir='ltr'>respondet</span> <span class='ocrx_word' id='word_1_78' title='bbox 1180 1239 1359 1328; x_wconf 81' lang='lat' dir='ltr'>Hobbiua</span> <span class='ocrx_word' id='word_1_79' title='bbox 1375 1241 1432 1326; x_wconf 88' lang='lat' dir='ltr'>est</span> <span class='ocrx_word' id='word_1_80' title='bbox 1443 1243 1539 1330; x_wconf 84' lang='lat' dir='ltr'>nihil</span> 
     </span>
     <span class='ocr_line' id='line_1_11' title="bbox 270 1355 1540 1546; baseline -0.012 -91"><span class='ocrx_word' id='word_1_81' title='bbox 270 1369 341 1455; x_wconf 42' lang='lat' dir='ltr'>xaad</span> <span class='ocrx_word' id='word_1_82' title='bbox 363 1391 465 1453; x_wconf 87' lang='lat' dir='ltr'>rem.·</span> <span class='ocrx_word' id='word_1_83' title='bbox 500 1363 696 1466; x_wconf 80' lang='lat' dir='ltr'>Qaeritur</span> <span class='ocrx_word' id='word_1_84' title='bbox 711 1359 880 1446; x_wconf 88' lang='lat' dir='ltr'>enimde</span> <span class='ocrx_word' id='word_1_85' title='bbox 904 1355 1148 1466; x_wconf 86' lang='lat' dir='ltr'>obligatione</span> <span class='ocrx_word' id='word_1_86' title='bbox 1170 1375 1459 1546; x_wconf 73' lang='lat' dir='ltr'>praeceptorum</span> <span class='ocrx_word' id='word_1_87' title='bbox 1483 1385 1540 1440; x_wconf 91' lang='lat' dir='ltr'>ra·</span> 
     </span>
     <span class='ocr_line' id='line_1_12' title="bbox 271 1463 1543 1574; baseline -0.012 -9"><span class='ocrx_word' id='word_1_88' title='bbox 271 1475 552 1573; x_wconf 45' lang='lat' dir='ltr'>dionis‘rediae,</span> <span class='ocrx_word' id='word_1_89' title='bbox 579 1495 669 1556; x_wconf 87' lang='lat' dir='ltr'>anre</span> <span class='ocrx_word' id='word_1_90' title='bbox 691 1470 868 1554; x_wconf 83' lang='lat' dir='ltr'>civitates</span> <span class='ocrx_word' id='word_1_91' title='bbox 892 1465 1140 1552; x_wconf 86' lang='lat' dir='ltr'>constitutas:</span> <span class='ocrx_word' id='word_1_92' title='bbox 1213 1463 1447 1574; x_wconf 85' lang='lat' dir='ltr'>espondetur</span> <span class='ocrx_word' id='word_1_93' title='bbox 1472 1465 1543 1550; x_wconf 89' lang='lat' dir='ltr'>ho·</span> 
     </span>
     <span class='ocr_line' id='line_1_13' title="bbox 292 1571 1543 1680; baseline -0.014 -5"><span class='ocrx_word' id='word_1_94' title='bbox 292 1591 437 1676; x_wconf 89' lang='lat' dir='ltr'>minum</span> <span class='ocrx_word' id='word_1_95' title='bbox 459 1587 669 1668; x_wconf 87' lang='lat' dir='ltr'>multorum</span> <span class='ocrx_word' id='word_1_96' title='bbox 689 1581 880 1665; x_wconf 86' lang='lat' dir='ltr'>rationem</span> <span class='ocrx_word' id='word_1_97' title='bbox 897 1573 998 1658; x_wconf 84' lang='lat' dir='ltr'>aded</span> <span class='ocrx_word' id='word_1_98' title='bbox 1022 1573 1151 1660; x_wconf 80' lang='lat' dir='ltr'>saisam</span> <span class='ocrx_word' id='word_1_99' title='bbox 1178 1571 1273 1680; x_wconf 78' lang='lat' dir='ltr'>effe,</span> <span class='ocrx_word' id='word_1_100' title='bbox 1296 1597 1342 1655; x_wconf 92' lang='lat' dir='ltr'>ut</span> <span class='ocrx_word' id='word_1_101' title='bbox 1368 1575 1543 1659; x_wconf 86' lang='lat' dir='ltr'>civitates</span> 
     </span>
     <span class='ocr_line' id='line_1_14' title="bbox 274 1677 1543 1800; baseline -0.009 -20"><span class='ocrx_word' id='word_1_102' title='bbox 274 1693 515 1793; x_wconf 73' lang='lat' dir='ltr'>constitutas</span> <span class='ocrx_word' id='word_1_103' title='bbox 528 1680 718 1780; x_wconf 73' lang='lat' dir='ltr'>dissolvat</span> <span class='ocrx_word' id='word_1_104' title='bbox 774 1677 1439 1792; x_wconf 77' lang='lat' dir='ltr'>Qartdafferitidedhominesnon</span> <span class='ocrx_word' id='word_1_105' title='bbox 1448 1685 1543 1800; x_wconf 76' lang='lat' dir='ltr'>poffl</span> 
     </span>
     <span class='ocr_line' id='line_1_15' title="bbox 289 1796 1547 1922; baseline -0.013 -31"><span class='ocrx_word' id='word_1_106' title='bbox 289 1802 442 1922; x_wconf 69' lang='lat' dir='ltr'>pacifici</span> <span class='ocrx_word' id='word_1_107' title='bbox 470 1816 566 1892; x_wconf 81' lang='lat' dir='ltr'>inter</span> <span class='ocrx_word' id='word_1_108' title='bbox 577 1804 624 1916; x_wconf 84' lang='lat' dir='ltr'>se</span> <span class='ocrx_word' id='word_1_109' title='bbox 645 1796 878 1914; x_wconf 69' lang='lat' dir='ltr'>uivereaequb</span> <span class='ocrx_word' id='word_1_110' title='bbox 902 1826 947 1878; x_wconf 84' lang='lat' dir='ltr'>ac</span> <span class='ocrx_word' id='word_1_111' title='bbox 969 1820 1066 1908; x_wconf 81' lang='lat' dir='ltr'>apes,</span> <span class='ocrx_word' id='word_1_112' title='bbox 1082 1797 1158 1878; x_wconf 73' lang='lat' dir='ltr'>dte.</span> <span class='ocrx_word' id='word_1_113' title='bbox 1189 1801 1359 1908; x_wconf 78' lang='lat' dir='ltr'>quoniam</span> <span class='ocrx_word' id='word_1_114' title='bbox 1377 1797 1447 1881; x_wconf 74' lang='lat' dir='ltr'>iffa</span> <span class='ocrx_word' id='word_1_115' title='bbox 1467 1807 1547 1884; x_wconf 79' lang='lat' dir='ltr'>ani·</span> 
     </span>
     <span class='ocr_line' id='line_1_16' title="bbox 287 1905 1548 2110; baseline -0.02 -108"><span class='ocrx_word' id='word_1_116' title='bbox 287 1921 414 2002; x_wconf 67' lang='lat' dir='ltr'>antlia</span> <span class='ocrx_word' id='word_1_117' title='bbox 427 1917 619 2000; x_wconf 80' lang='lat' dir='ltr'>verborum</span> <span class='ocrx_word' id='word_1_118' title='bbox 632 1934 710 1998; x_wconf 81' lang='lat' dir='ltr'>arte</span> <span class='ocrx_word' id='word_1_119' title='bbox 735 1909 803 1994; x_wconf 65' lang='grc' dir='ltr'>ΞΜ</span> <span class='ocrx_word' id='word_1_120' title='bbox 820 1926 962 2018; x_wconf 80' lang='lat' dir='ltr'>carent,</span> <span class='ocrx_word' id='word_1_121' title='bbox 989 1907 1057 2020; x_wconf 78' lang='lat' dir='ltr'>qud</span> <span class='ocrx_word' id='word_1_122' title='bbox 1084 1905 1244 1988; x_wconf 80' lang='lat' dir='ltr'>homines</span> <span class='ocrx_word' id='word_1_123' title='bbox 1270 1905 1338 1986; x_wconf 78' lang='lat' dir='ltr'>alii</span> <span class='ocrx_word' id='word_1_124' title='bbox 1355 1907 1548 2110; x_wconf 40' lang='lat' dir='ltr'>aliudue.</span> 
     </span>
     <span class='ocr_line' id='line_1_17' title="bbox 298 2017 1398 2138; baseline -0.011 -25"><span class='ocrx_word' id='word_1_125' title='bbox 298 2027 384 2114; x_wconf 83' lang='lat' dir='ltr'>dere</span> <span class='ocrx_word' id='word_1_126' title='bbox 398 2027 522 2138; x_wconf 72' lang='lat' dir='ltr'>felem</span> <span class='ocrx_word' id='word_1_127' title='bbox 538 2041 677 2110; x_wconf 79' lang='lat' dir='ltr'>Bonum</span> <span class='ocrx_word' id='word_1_128' title='bbox 689 2023 757 2131; x_wconf 81' lang='lat' dir='ltr'>effe</span> <span class='ocrx_word' id='word_1_129' title='bbox 769 2021 925 2122; x_wconf 76' lang='lat' dir='ltr'>Malum,</span> <span class='ocrx_word' id='word_1_130' title='bbox 938 2017 989 2108; x_wconf 58' lang='grc' dir='ltr'><strong><em>ὠ</em></strong></span> <span class='ocrx_word' id='word_1_131' title='bbox 1003 2019 1147 2102; x_wconf 84' lang='lat' dir='ltr'>Malum</span> <span class='ocrx_word' id='word_1_132' title='bbox 1157 2029 1309 2116; x_wconf 82' lang='lat' dir='ltr'>Bonum,</span> <span class='ocrx_word' id='word_1_133' title='bbox 1322 2021 1398 2101; x_wconf 73' lang='lat' dir='ltr'>&amp;n</span> 
     </span>
     <span class='ocr_line' id='line_1_18' title="bbox 285 2123 1545 2242; baseline -0.01 -18"><span class='ocrx_word' id='word_1_134' title='bbox 285 2159 360 2224; x_wconf 75' lang='lat' dir='ltr'>-ter</span> <span class='ocrx_word' id='word_1_135' title='bbox 372 2139 522 2222; x_wconf 80' lang='lat' dir='ltr'>alterius</span> <span class='ocrx_word' id='word_1_136' title='bbox 540 2141 700 2220; x_wconf 58' lang='lat' dir='ltr'>cessiones</span> <span class='ocrx_word' id='word_1_137' title='bbox 717 2145 773 2217; x_wconf 83' lang='lat' dir='ltr'>ita</span> <span class='ocrx_word' id='word_1_138' title='bbox 801 2125 1040 2242; x_wconf 78' lang='lat' dir='ltr'>reprehendit,</span> <span class='ocrx_word' id='word_1_139' title='bbox 1070 2147 1110 2210; x_wconf 77' lang='lat' dir='ltr'>ut</span> <span class='ocrx_word' id='word_1_140' title='bbox 1128 2123 1218 2209; x_wconf 76' lang='lat' dir='ltr'>indd</span> <span class='ocrx_word' id='word_1_141' title='bbox 1232 2126 1345 2210; x_wconf 73' lang='lat' dir='ltr'>turia</span> <span class='ocrx_word' id='word_1_142' title='bbox 1366 2141 1545 2216; x_wconf 80' lang='lat' dir='ltr'>oriantur.</span> 
     </span>
     <span class='ocr_line' id='line_1_19' title="bbox 301 2235 1551 2356; baseline -0.002 -26"><span class='ocrx_word' id='word_1_143' title='bbox 301 2247 471 2354; x_wconf 81' lang='lat' dir='ltr'>Scilicet,</span> <span class='ocrx_word' id='word_1_144' title='bbox 499 2247 589 2356; x_wconf 87' lang='lat' dir='ltr'>quia</span> <span class='ocrx_word' id='word_1_145' title='bbox 619 2241 830 2354; x_wconf 90' lang='lat' dir='ltr'>aliquando</span> <span class='ocrx_word' id='word_1_146' title='bbox 842 2237 1033 2346; x_wconf 87' lang='lat' dir='ltr'>contingit</span> <span class='ocrx_word' id='word_1_147' title='bbox 1055 2258 1101 2317; x_wconf 92' lang='lat' dir='ltr'>ut</span> <span class='ocrx_word' id='word_1_148' title='bbox 1122 2235 1255 2320; x_wconf 90' lang='lat' dir='ltr'>sucatae</span> <span class='ocrx_word' id='word_1_149' title='bbox 1280 2239 1463 2326; x_wconf 84' lang='lat' dir='ltr'>orationis</span> <span class='ocrx_word' id='word_1_150' title='bbox 1484 2243 1551 2326; x_wconf 89' lang='lat' dir='ltr'>usu</span> 
     </span>
     <span class='ocr_line' id='line_1_20' title="bbox 286 2344 1553 2464; baseline -0.006 -24"><span class='ocrx_word' id='word_1_151' title='bbox 286 2353 551 2442; x_wconf 74' lang='lat' dir='ltr'>concitentur</span> <span class='ocrx_word' id='word_1_152' title='bbox 574 2351 721 2460; x_wconf 74' lang='lat' dir='ltr'>turbaet</span> <span class='ocrx_word' id='word_1_153' title='bbox 749 2377 844 2464; x_wconf 84' lang='lat' dir='ltr'>ergo</span> <span class='ocrx_word' id='word_1_154' title='bbox 864 2347 1036 2432; x_wconf 88' lang='lat' dir='ltr'>homines</span> <span class='ocrx_word' id='word_1_155' title='bbox 1054 2344 1223 2458; x_wconf 89' lang='lat' dir='ltr'>(utpote</span> <span class='ocrx_word' id='word_1_156' title='bbox 1245 2347 1314 2458; x_wconf 90' lang='lat' dir='ltr'>qui</span> <span class='ocrx_word' id='word_1_157' title='bbox 1339 2353 1383 2434; x_wconf 74' lang='lat' dir='ltr'>ei</span> <span class='ocrx_word' id='word_1_158' title='bbox 1411 2347 1553 2464; x_wconf 86' lang='lat' dir='ltr'>poffint</span> 
     </span>
     <span class='ocr_line' id='line_1_21' title="bbox 303 2457 1554 2576; baseline -0.01 -24"><span class='ocrx_word' id='word_1_159' title='bbox 303 2465 399 2576; x_wconf 85' lang='lat' dir='ltr'>uti)</span> <span class='ocrx_word' id='word_1_160' title='bbox 423 2463 536 2552; x_wconf 81' lang='lat' dir='ltr'>certd</span> <span class='ocrx_word' id='word_1_161' title='bbox 550 2463 688 2548; x_wconf 90' lang='lat' dir='ltr'>nolunt</span> <span class='ocrx_word' id='word_1_162' title='bbox 701 2462 803 2546; x_wconf 87' lang='lat' dir='ltr'>inter</span> <span class='ocrx_word' id='word_1_163' title='bbox 824 2459 862 2544; x_wconf 88' lang='lat' dir='ltr'>se</span> <span class='ocrx_word' id='word_1_164' title='bbox 883 2485 1017 2572; x_wconf 85' lang='lat' dir='ltr'>pacem</span> <span class='ocrx_word' id='word_1_165' title='bbox 1037 2463 1155 2546; x_wconf 86' lang='lat' dir='ltr'>tueri.</span> <span class='ocrx_word' id='word_1_166' title='bbox 1199 2457 1306 2540; x_wconf 88' lang='lat' dir='ltr'>Laxa</span> <span class='ocrx_word' id='word_1_167' title='bbox 1326 2461 1554 2550; x_wconf 72' lang='lat' dir='ltr'>certenimis</span> 
     </span>
     <span class='ocr_line' id='line_1_22' title="bbox 291 2566 1555 2690; baseline -0.002 -29"><span class='ocrx_word' id='word_1_168' title='bbox 291 2573 363 2666; x_wconf 40' lang='lat' dir='ltr'>vest</span> <span class='ocrx_word' id='word_1_169' title='bbox 378 2575 663 2690; x_wconf 82' lang='lat' dir='ltr'>consequentia.</span> <span class='ocrx_word' id='word_1_170' title='bbox 692 2575 747 2656; x_wconf 87' lang='lat' dir='ltr'>At</span> <span class='ocrx_word' id='word_1_171' title='bbox 769 2572 935 2686; x_wconf 87' lang='lat' dir='ltr'>probare</span> <span class='ocrx_word' id='word_1_172' title='bbox 949 2566 1130 2682; x_wconf 88' lang='lat' dir='ltr'>oportuit</span> <span class='ocrx_word' id='word_1_173' title='bbox 1141 2567 1555 2684; x_wconf 73' lang='lat' dir='ltr'>hominesnecessairid,</span> 
     </span>
     <span class='ocr_line' id='line_1_23' title="bbox 306 2675 1553 2792; baseline -0.005 -21"><span class='ocrx_word' id='word_1_174' title='bbox 306 2709 378 2786; x_wconf 81' lang='lat' dir='ltr'>ant</span> <span class='ocrx_word' id='word_1_175' title='bbox 394 2687 531 2792; x_wconf 76' lang='lat' dir='ltr'>saitem</span> <span class='ocrx_word' id='word_1_176' title='bbox 547 2684 657 2782; x_wconf 78' lang='lat' dir='ltr'>certo</span> <span class='ocrx_word' id='word_1_177' title='bbox 672 2683 774 2768; x_wconf 81' lang='lat' dir='ltr'>velle</span> <span class='ocrx_word' id='word_1_178' title='bbox 792 2685 868 2786; x_wconf 81' lang='lat' dir='ltr'>uti,</span> <span class='ocrx_word' id='word_1_179' title='bbox 885 2679 929 2768; x_wconf 77' lang='lat' dir='ltr'>id</span> <span class='ocrx_word' id='word_1_180' title='bbox 961 2711 975 2780; x_wconf 72' lang='lat'>3</span> <span class='ocrx_word' id='word_1_181' title='bbox 995 2675 1232 2780; x_wconf 82' lang='lat' dir='ltr'>constanter,</span> <span class='ocrx_word' id='word_1_182' title='bbox 1254 2679 1444 2784; x_wconf 83' lang='lat' dir='ltr'>ejusmodi</span> <span class='ocrx_word' id='word_1_183' title='bbox 1457 2684 1553 2770; x_wconf 86' lang='lat' dir='ltr'>sedi·</span> 
     </span>
     <span class='ocr_line' id='line_1_24' title="bbox 297 2711 1556 2906; baseline -0.005 -25"><span class='ocrx_word' id='word_1_184' title='bbox 297 2795 411 2881; x_wconf 49' lang='lat' dir='ltr'>‘&#39;tiosia</span> <span class='ocrx_word' id='word_1_185' title='bbox 439 2793 682 2879; x_wconf 84' lang='lat' dir='ltr'>orationibus</span> <span class='ocrx_word' id='word_1_186' title='bbox 701 2822 790 2906; x_wconf 90' lang='lat' dir='ltr'>quae</span> <span class='ocrx_word' id='word_1_187' title='bbox 808 2794 858 2876; x_wconf 92' lang='lat' dir='ltr'>ad</span> <span class='ocrx_word' id='word_1_188' title='bbox 878 2711 981 2876; x_wconf 85' lang='lat' dir='ltr'>beiia</span> <span class='ocrx_word' id='word_1_189' title='bbox 1002 2788 1195 2874; x_wconf 84' lang='lat' dir='ltr'>movenda</span> <span class='ocrx_word' id='word_1_190' title='bbox 1219 2788 1364 2902; x_wconf 90' lang='lat' dir='ltr'>aliquid</span> <span class='ocrx_word' id='word_1_191' title='bbox 1381 2793 1556 2884; x_wconf 75' lang='lat' dir='ltr'>‘faciuntt</span> 
     </span>
    </p>
   </div>
   <div class='ocr_carea' id='block_1_6' title="bbox 166 2897 1559 3024">
    <p class='ocr_par' dir='ltr' id='par_1_6' title="bbox 166 2897 1559 3024">
     <span class='ocr_line' id='line_1_25' title="bbox 166 2897 1559 3024; baseline -0.009 -26"><span class='ocrx_word' id='word_1_192' title='bbox 166 3013 169 3020; x_wconf 28' lang='grc' dir='ltr'>Ι</span> <span class='ocrx_word' id='word_1_193' title='bbox 310 2903 521 3024; x_wconf 85' lang='lat' dir='ltr'>ptaesertim</span> <span class='ocrx_word' id='word_1_194' title='bbox 535 2903 622 2992; x_wconf 81' lang='lat' dir='ltr'>ciam</span> <span class='ocrx_word' id='word_1_195' title='bbox 647 2923 709 2990; x_wconf 93' lang='lat' dir='ltr'>tot</span> <span class='ocrx_word' id='word_1_196' title='bbox 730 2903 800 2989; x_wconf 82' lang='lat' dir='ltr'>sint</span> <span class='ocrx_word' id='word_1_197' title='bbox 815 2899 930 2988; x_wconf 83' lang='lat' dir='ltr'>causae</span> <span class='ocrx_word' id='word_1_198' title='bbox 943 2924 1025 2986; x_wconf 91' lang='lat' dir='ltr'>tum</span> <span class='ocrx_word' id='word_1_199' title='bbox 1038 2897 1124 3012; x_wconf 82' lang='lat' dir='ltr'>ipfia</span> <span class='ocrx_word' id='word_1_200' title='bbox 1149 2899 1376 3008; x_wconf 78' lang='lat' dir='ltr'>intrinsecae,</span> <span class='ocrx_word' id='word_1_201' title='bbox 1398 2928 1559 2990; x_wconf 79' lang='lat' dir='ltr'>tumer-</span> 
     </span>
    </p>
   </div>
   <div class='ocr_carea' id='block_1_7' title="bbox 305 3009 1681 4316">
    <p class='ocr_par' dir='ltr' id='par_1_7' title="bbox 305 3009 1681 4316">
     <span class='ocr_line' id='line_1_26' title="bbox 311 3009 1559 3129; baseline -0.001 -26"><span class='ocrx_word' id='word_1_202' title='bbox 311 3015 497 3104; x_wconf 78' lang='lat' dir='ltr'>&#39;trinsecus</span> <span class='ocrx_word' id='word_1_203' title='bbox 521 3013 732 3126; x_wconf 87' lang='lat' dir='ltr'>conspicuae</span> <span class='ocrx_word' id='word_1_204' title='bbox 782 3045 843 3100; x_wconf 86' lang='lat' dir='ltr'>uae</span> <span class='ocrx_word' id='word_1_205' title='bbox 858 3011 944 3126; x_wconf 89' lang='lat' dir='ltr'>ipsrs</span> <span class='ocrx_word' id='word_1_206' title='bbox 965 3009 1148 3100; x_wconf 85' lang='lat' dir='ltr'>suadeant</span> <span class='ocrx_word' id='word_1_207' title='bbox 1164 3009 1291 3120; x_wconf 78' lang='lat' dir='ltr'>potius</span> <span class='ocrx_word' id='word_1_208' title='bbox 1304 3041 1441 3124; x_wconf 88' lang='lat' dir='ltr'>pacem</span> <span class='ocrx_word' id='word_1_209' title='bbox 1457 3043 1559 3129; x_wconf 88' lang='lat' dir='ltr'>quae·</span> 
     </span>
     <span class='ocr_line' id='line_1_27' title="bbox 305 3118 1560 3238; baseline 0 -27"><span class='ocrx_word' id='word_1_210' title='bbox 305 3153 414 3212; x_wconf 82' lang='lat' dir='ltr'>rete.</span> <span class='ocrx_word' id='word_1_211' title='bbox 471 3125 716 3214; x_wconf 82' lang='lat' dir='ltr'>Probandum</span> <span class='ocrx_word' id='word_1_212' title='bbox 740 3153 763 3208; x_wconf 94' lang='lat' dir='ltr'>e</span> <span class='ocrx_word' id='word_1_213' title='bbox 795 3149 835 3209; x_wconf 91' lang='lat' dir='ltr'>et</span> <span class='ocrx_word' id='word_1_214' title='bbox 853 3118 1474 3238; x_wconf 85' lang='lat' dir='ltr'>praetereaejusmodiconciones</span> <span class='ocrx_word' id='word_1_215' title='bbox 1495 3155 1560 3211; x_wconf 89' lang='lat' dir='ltr'>ne·</span> 
     </span>
     <span class='ocr_line' id='line_1_28' title="bbox 312 3231 1561 3349; baseline 0.002 -29"><span class='ocrx_word' id='word_1_216' title='bbox 312 3233 494 3338; x_wconf 64' lang='lat' dir='ltr'>testarii),</span> <span class='ocrx_word' id='word_1_217' title='bbox 518 3257 585 3319; x_wconf 92' lang='lat' dir='ltr'>aut</span> <span class='ocrx_word' id='word_1_218' title='bbox 604 3233 732 3320; x_wconf 88' lang='lat' dir='ltr'>saltem</span> <span class='ocrx_word' id='word_1_219' title='bbox 748 3231 894 3343; x_wconf 83' lang='lat' dir='ltr'>semper</span> <span class='ocrx_word' id='word_1_220' title='bbox 921 3231 1116 3343; x_wconf 73' lang='lat' dir='ltr'>eousque</span> <span class='ocrx_word' id='word_1_221' title='bbox 1137 3231 1319 3316; x_wconf 89' lang='lat' dir='ltr'>valituras</span> <span class='ocrx_word' id='word_1_222' title='bbox 1346 3235 1425 3321; x_wconf 82' lang='lat' dir='ltr'>effe</span> <span class='ocrx_word' id='word_1_223' title='bbox 1455 3235 1561 3349; x_wconf 84' lang='lat' dir='ltr'>apud</span> 
     </span>
     <span class='ocr_line' id='line_1_29' title="bbox 316 3339 1561 3456; baseline 0.001 -27"><span class='ocrx_word' id='word_1_224' title='bbox 316 3347 514 3432; x_wconf 84' lang='lat' dir='ltr'>auditores</span> <span class='ocrx_word' id='word_1_225' title='bbox 527 3373 676 3448; x_wconf 79' lang='lat' dir='ltr'>omnes,</span> <span class='ocrx_word' id='word_1_226' title='bbox 699 3367 768 3430; x_wconf 87' lang='lat' dir='ltr'>aut</span> <span class='ocrx_word' id='word_1_227' title='bbox 781 3339 948 3456; x_wconf 77' lang='lat' dir='ltr'>plerosq3</span> <span class='ocrx_word' id='word_1_228' title='bbox 967 3365 1010 3426; x_wconf 92' lang='lat' dir='ltr'>ut</span> <span class='ocrx_word' id='word_1_229' title='bbox 1025 3343 1151 3427; x_wconf 89' lang='lat' dir='ltr'>statim</span> <span class='ocrx_word' id='word_1_230' title='bbox 1171 3351 1209 3426; x_wconf 88' lang='lat' dir='ltr'>in</span> <span class='ocrx_word' id='word_1_231' title='bbox 1227 3343 1369 3428; x_wconf 85' lang='lat' dir='ltr'>bellu&#39;m</span> <span class='ocrx_word' id='word_1_232' title='bbox 1390 3369 1561 3434; x_wconf 82' lang='lat' dir='ltr'>ruerent.</span> 
     </span>
     <span class='ocr_line' id='line_1_30' title="bbox 309 3451 1563 3570; baseline 0.001 -32"><span class='ocrx_word' id='word_1_233' title='bbox 309 3453 419 3546; x_wconf 72' lang='lat' dir='ltr'>meri</span> <span class='ocrx_word' id='word_1_234' title='bbox 442 3453 543 3538; x_wconf 86' lang='lat' dir='ltr'>enirn</span> <span class='ocrx_word' id='word_1_235' title='bbox 563 3455 689 3566; x_wconf 90' lang='lat' dir='ltr'>potest</span> <span class='ocrx_word' id='word_1_236' title='bbox 702 3477 749 3539; x_wconf 93' lang='lat' dir='ltr'>ut</span> <span class='ocrx_word' id='word_1_237' title='bbox 769 3453 1071 3570; x_wconf 76' lang='lat' dir='ltr'>perspicaciores</span> <span class='ocrx_word' id='word_1_238' title='bbox 1089 3451 1172 3556; x_wconf 77' lang='lat' dir='ltr'>sint,</span> <span class='ocrx_word' id='word_1_239' title='bbox 1200 3455 1316 3566; x_wconf 67' lang='lat' dir='ltr'>quam</span> <span class='ocrx_word' id='word_1_240' title='bbox 1337 3462 1408 3568; x_wconf 91' lang='lat' dir='ltr'>qui</span> <span class='ocrx_word' id='word_1_241' title='bbox 1429 3459 1563 3544; x_wconf 82' lang='lat' dir='ltr'>fucatis</span> 
     </span>
     <span class='ocr_line' id='line_1_31' title="bbox 313 3561 1562 3677; baseline 0.002 -29"><span class='ocrx_word' id='word_1_242' title='bbox 313 3561 507 3652; x_wconf 60' lang='lat' dir='ltr'>&#39;verbiszse</span> <span class='ocrx_word' id='word_1_243' title='bbox 534 3563 642 3649; x_wconf 89' lang='lat' dir='ltr'>illudi</span> <span class='ocrx_word' id='word_1_244' title='bbox 661 3566 870 3675; x_wconf 87' lang='lat' dir='ltr'>patiantur.</span> <span class='ocrx_word' id='word_1_245' title='bbox 918 3563 1038 3651; x_wconf 82' lang='lat' dir='ltr'>&#39;Fieri&#39;</span> <span class='ocrx_word' id='word_1_246' title='bbox 1051 3563 1178 3677; x_wconf 90' lang='lat' dir='ltr'>potest</span> <span class='ocrx_word' id='word_1_247' title='bbox 1201 3587 1245 3648; x_wconf 90' lang='lat' dir='ltr'>ut</span> <span class='ocrx_word' id='word_1_248' title='bbox 1270 3567 1562 3676; x_wconf 87' lang='lat' dir='ltr'>prudentiorum</span> 
     </span>
     <span class='ocr_line' id='line_1_32' title="bbox 317 3671 1565 3790; baseline 0.002 -32"><span class='ocrx_word' id='word_1_249' title='bbox 317 3674 561 3760; x_wconf 80' lang='lat' dir='ltr'>orationibus</span> <span class='ocrx_word' id='word_1_250' title='bbox 611 3671 760 3779; x_wconf 86' lang='lat' dir='ltr'>acificis,</span> <span class='ocrx_word' id='word_1_251' title='bbox 782 3673 965 3762; x_wconf 75' lang='lat' dir='ltr'>solidiore</span> <span class='ocrx_word' id='word_1_252' title='bbox 978 3675 1129 3760; x_wconf 91' lang='lat' dir='ltr'>ratione</span> <span class='ocrx_word' id='word_1_253' title='bbox 1150 3673 1270 3778; x_wconf 81' lang='lat' dir='ltr'>fultis,</span> <span class='ocrx_word' id='word_1_254' title='bbox 1294 3672 1411 3762; x_wconf 87' lang='lat' dir='ltr'>fidem</span> <span class='ocrx_word' id='word_1_255' title='bbox 1440 3679 1565 3790; x_wconf 79' lang='lat' dir='ltr'>potius</span> 
     </span>
     <span class='ocr_line' id='line_1_33' title="bbox 320 3707 1565 3900; baseline 0.005 -32"><span class='ocrx_word' id='word_1_256' title='bbox 320 3783 541 3870; x_wconf 86' lang='lat' dir='ltr'>adhibeant.</span> <span class='ocrx_word' id='word_1_257' title='bbox 583 3707 688 3870; x_wconf 58' lang='lat' dir='ltr'>sieri</span> <span class='ocrx_word' id='word_1_258' title='bbox 702 3785 838 3900; x_wconf 87' lang='lat' dir='ltr'>potest</span> <span class='ocrx_word' id='word_1_259' title='bbox 851 3809 895 3871; x_wconf 92' lang='lat' dir='ltr'>ut</span> <span class='ocrx_word' id='word_1_260' title='bbox 916 3811 1043 3870; x_wconf 90' lang='lat' dir='ltr'>rerum</span> <span class='ocrx_word' id='word_1_261' title='bbox 1058 3809 1251 3869; x_wconf 89' lang='lat' dir='ltr'>momenta</span> <span class='ocrx_word' id='word_1_262' title='bbox 1266 3788 1400 3896; x_wconf 84' lang='lat' dir='ltr'>potiris</span> <span class='ocrx_word' id='word_1_263' title='bbox 1420 3815 1470 3874; x_wconf 84' lang='lat' dir='ltr'>ex</span> <span class='ocrx_word' id='word_1_264' title='bbox 1499 3817 1565 3874; x_wconf 88' lang='lat' dir='ltr'>en·</span> 
     </span>
     <span class='ocr_line' id='line_1_34' title="bbox 320 3822 1563 4006; baseline 0.004 -26"><span class='ocrx_word' id='word_1_265' title='bbox 320 3894 715 4006; x_wconf 74' lang='lat' dir='ltr'>dantquinrinanem</span> <span class='ocrx_word' id='word_1_266' title='bbox 735 3895 944 3982; x_wconf 89' lang='lat' dir='ltr'>verborum</span> <span class='ocrx_word' id='word_1_267' title='bbox 960 3897 1106 3983; x_wconf 86' lang='lat' dir='ltr'>sonum.</span> <span class='ocrx_word' id='word_1_268' title='bbox 1148 3894 1285 4006; x_wconf 84' lang='lat' dir='ltr'>Atque</span> <span class='ocrx_word' id='word_1_269' title='bbox 1296 3895 1371 3982; x_wconf 90' lang='lat' dir='ltr'>huc</span> <span class='ocrx_word' id='word_1_270' title='bbox 1382 3822 1518 3985; x_wconf 57' lang='lat' dir='ltr'>censi</span> <span class='ocrx_word' id='word_1_271' title='bbox 1548 3943 1563 3961; x_wconf 93' lang='lat'><strong>·</strong></span> 
     </span>
     <span class='ocr_line' id='line_1_35' title="bbox 322 3931 1626 4123; baseline 0.001 -35"><span class='ocrx_word' id='word_1_272' title='bbox 322 4003 449 4090; x_wconf 89' lang='lat' dir='ltr'>sorum</span> <span class='ocrx_word' id='word_1_273' title='bbox 469 4025 602 4090; x_wconf 89' lang='lat' dir='ltr'>natura</span> <span class='ocrx_word' id='word_1_274' title='bbox 623 4033 691 4091; x_wconf 84' lang='lat' dir='ltr'>eos</span> <span class='ocrx_word' id='word_1_275' title='bbox 711 4004 844 4092; x_wconf 83' lang='lat' dir='ltr'>ducit:</span> <span class='ocrx_word' id='word_1_276' title='bbox 888 4005 1017 4092; x_wconf 86' lang='lat' dir='ltr'>Sciunt</span> <span class='ocrx_word' id='word_1_277' title='bbox 1029 4005 1132 4090; x_wconf 87' lang='lat' dir='ltr'>enirn</span> <span class='ocrx_word' id='word_1_278' title='bbox 1162 4001 1201 4090; x_wconf 91' lang='lat' dir='ltr'>se</span> <span class='ocrx_word' id='word_1_279' title='bbox 1223 4035 1305 4093; x_wconf 92' lang='lat' dir='ltr'>non</span> <span class='ocrx_word' id='word_1_280' title='bbox 1321 4010 1448 4094; x_wconf 90' lang='lat' dir='ltr'>verbis</span> <span class='ocrx_word' id='word_1_281' title='bbox 1469 3931 1568 4123; x_wconf 74' lang='lat' dir='ltr'>pasci</span> <span class='ocrx_word' id='word_1_282' title='bbox 1622 4000 1626 4009; x_wconf 77' lang='grc'><strong>’</strong></span> 
     </span>
     <span class='ocr_line' id='line_1_36' title="bbox 317 4113 1681 4234; baseline 0.005 -33"><span class='ocrx_word' id='word_1_283' title='bbox 317 4114 447 4234; x_wconf 73' lang='lat' dir='ltr'>posse,</span> <span class='ocrx_word' id='word_1_284' title='bbox 462 4137 526 4202; x_wconf 91' lang='lat' dir='ltr'>aut</span> <span class='ocrx_word' id='word_1_285' title='bbox 541 4113 593 4205; x_wconf 88' lang='lat' dir='ltr'>ab</span> <span class='ocrx_word' id='word_1_286' title='bbox 609 4115 1024 4228; x_wconf 65' lang='lat' dir='ltr'>injuriisdefendised</span> <span class='ocrx_word' id='word_1_287' title='bbox 1043 4113 1270 4222; x_wconf 71' lang='lat' dir='ltr'>actionibus,</span> <span class='ocrx_word' id='word_1_288' title='bbox 1293 4117 1568 4210; x_wconf 74' lang='lat' dir='ltr'>&#39;abenevole&#39;n</span> <span class='ocrx_word' id='word_1_289' title='bbox 1680 4185 1681 4208; x_wconf 74' lang='grc'><strong>,</strong></span> 
     </span>
     <span class='ocr_line' id='line_1_37' title="bbox 1425 4241 1681 4316; baseline -0.008 -1"><span class='ocrx_word' id='word_1_290' title='bbox 1425 4251 1430 4278; x_wconf 80' lang='grc'>’·</span> <span class='ocrx_word' id='word_1_291' title='bbox 1515 4253 1570 4316; x_wconf 84' lang='lat' dir='ltr'>tra</span> <span class='ocrx_word' id='word_1_292' title='bbox 1680 4241 1681 4302; x_wconf 73' lang='grc' dir='ltr'>ἒ</span> 
     </span>
    </p>
   </div>
   <div class='ocr_carea' id='block_1_8' title="bbox 0 0 1760 4574">
    <p class='ocr_par' dir='ltr' id='par_1_8' title="bbox 0 0 1760 4574">
     <span class='ocr_line' id='line_1_38' title="bbox 0 0 1760 4574; baseline 0 0"><span class='ocrx_word' id='word_1_293' title='bbox 0 0 1760 4574; x_wconf 95' lang='lat' dir='ltr'> </span> 
     </span>
    </p>
   </div>
   <div class='ocr_carea' id='block_1_9' title="bbox 1499 2019 1664 2104">
    <p class='ocr_par' dir='ltr' id='par_1_9' title="bbox 1499 2019 1664 2104">
     <span class='ocr_line' id='line_1_39' title="bbox 1499 2019 1664 2104; baseline -0.024 0"><span class='ocrx_word' id='word_1_294' title='bbox 1499 2021 1548 2104; x_wconf 79' lang='lat' dir='ltr'>ai·</span> <span class='ocrx_word' id='word_1_295' title='bbox 1657 2019 1664 2036; x_wconf 72' lang='lat'><strong>¹</strong></span> 
     </span>
    </p>
   </div>
  </div>
 </body>
</html>
