3410 4574
236 82 330 218 138
417 91 421 96 “
483 19 509 28 ..
579 73 644 176 De
671 67 850 174 Natura
872 63 1095 194 Humana,
1125 76 1180 178 se

228 264 387 386 crataque
408 269 458 357 ad
481 263 580 354 alios
594 261 724 381 potius
750 257 1139 378 conciliandoaqnim
1153 243 1485 356 ledendoi‘detet·

230 393 430 485 ornemus.
457 387 557 467 -Nec
570 384 660 468 sane
673 378 838 490 cogitari
854 379 979 488 potest
994 377 1103 489 qudd
1118 380 1266 491 semper
1287 379 1486 466 itadistra·

232 501 373 584 hentur
397 492 567 600 omnium
591 493 706 592 vires,
735 513 780 575 ut
804 491 937 574 unicus
962 495 1005 575 in
1023 490 1098 575 hoc
1126 490 1231 578 bello
1253 521 1341 576 cum
1366 497 1487 575 unico

233 609 466 704 dimicaret5
495 624 739 715 quocunque
760 601 860 684 enim
881 598 965 683 casu
979 605 1193 712 contingat,
1219 603 1399 714 utimpar
1418 603 1490 686 ho·

237 723 386 806 mittum
409 739 591 800 numerus
613 709 902 818 congrediatur,
926 711 1008 796 duo
1029 715 1205 798 inunum
1226 717 1298 825 (ex
1321 713 1394 798 hac
1418 713 1491 821 hy·

238 826 412 940 pothcst)
435 827 582 910 bellum
605 844 744 932 gerent
768 823 808 906 in
829 821 1032 905 certiorem
1050 823 1163 934 ipsrus
1182 823 1420 938 perniciem
1450 829 1491 908 &

238 940 364 1050 stpat
379 934 519 1047 ntimo
543 935 829 1019 numerusinter
856 931 892 1015 se
914 959 1206 1037 concurrerent,
1231 938 1343 1019 unius
1367 955 1493 1021 motte

210 1049 560 1158 ...animparitatem
575 1073 635 1129 res
647 1045 901 1155 redigeretur.
923 1045 1070 1130 Verium
1087 1045 1362 1138 haecvidentur
1376 1046 1495 1128 abun·

211 1161 293 1244 ade
320 1157 487 1241 sufficere
500 1153 549 1236 ad
573 1153 819 1268 probandum
843 1151 952 1267 quod
974 1155 1074 1238 vires
1088 1155 1171 1266 ipsae
1194 1157 1391 1242 hominum
1405 1155 1495 1239 dum

242 1271 402 1354 circiter
423 1267 586 1380 aequales
623 1263 911 1376 supponantur,
946 1288 1169 1374 argumenta
1192 1265 1328 1377 'potiirs
1357 1267 1496 1382 sugge-

243 1403 331 1464 rant
357 1377 406 1462 ad
424 1397 617 1486 motuum
639 1373 973 1478 benevolentiam.
991 1377 1108 1486 quadr
1141 1379 1190 1463 ad
1214 1399 1384 1462 mutuam
1411 1405 1497 1488 per·

244 1492 384 1575 niciam
411 1489 686 1571 attentandam.
743 1487 917 1598 Reliqua
939 1507 1069 1569 autern
1093 1502 1178 1598 que
1199 1509 1343 1572 naturae
1366 1489 1500 1569 huma·

246 1627 303 1684 nae
320 1601 487 1710 ¹propria
511 1597 590 1680 esse
614 1594 863 1697 ostendimus,
884 1597 935 1682 td
956 1595 1074 1706 ipsum
1100 1597 1260 1712 suadent
1284 1595 1434 1700 sortiits,
1456 1615 1499 1679 ut

221 1707 441 1796 sostensum
465 1708 537 1792 cst.
1129 1767 1134 1774 -

302 1829 343 1918 u.
360 1821 490 1906 XXX.
525 1817 600 1901 llic
614 1839 744 1900 autem
758 1816 906 1898 Leuoe
922 1812 1118 1902 obseruari
1132 1818 1251 1900 velim
1266 1819 1378 1932 qudd
1392 1817 1501 1906 Hnb·

250 1928 339 2014 bius
366 1931 463 2013 nihil
492 1931 636 2038 uspiam
658 1928 834 2012 attulerit
857 1926 933 2010 hoe
952 1925 1072 2011 modo
1097 1931 1274 2012 naturale
1301 1959 1346 2015 ac
1362 1932 1502 2013 intrin-

249 2041 377 2126 secum
404 2035 562 2149 corpori
587 2059 654 2122 aut
675 2043 796 2122 menti
814 2035 995 2138 hominis,
1016 2040 1125 2148 quod
1149 2037 1402 2124 necessarium
1421 2034 1503 2148 sug·

230 2173 364 2260 »gerat
398 2149 610 2273 unicuique
641 2169 923 2254 argumentum,
951 2167 1020 2229 aut
1045 2151 1158 2230 aliter
1194 2151 1409 2235 necessario
1435 2149 1505 2235 ho·

253 2261 374 2344 mines
398 2259 670 2342 determina—tet
685 2273 733 2339 nr
750 2260 879 2340 omnia
895 2253 962 2338 libi
987 2257 1076 2341 solra
1089 2257 1224 2370 smguli
1238 2262 1504 2362 vendicarent,

251 2368 319 2456 sed
351 2367 560 2481 aliquando
583 2364 814 2478 passionibus
823 2365 871 2448 tn
892 2369 1099 2478 imputare,
1129 2371 1237 2498 quod
1262 2397 1374 2456 antea
1400 2371 1504 2456 refir-

231 2480 432 2581 ravimus,
457 2479 670 2590 aliquando
695 2477 925 2588 generaliter
939 2478 1097 2571 tantiam
1113 2483 1241 2565 drcere
1263 2483 1373 2594 quod
1394 2505 1508 2594 aeqnat

245 2593 441 2704 societati
462 2589 698 2674 conditiones
712 2593 815 2701 serre
837 2592 966 2692 nolint,
990 2588 1054 2706 etsi
1077 2591 1192 2702 ipsam
1203 2593 1422 2704 societatem
1446 2619 1509 2704 ap«

235 2699 458 2815 ‚permade
484 2699 585 2781 Cive
610 2713 696 2889 calep.
727 2723 763 2780 1.
795 2699 888 2795 §.a
921 2701 959 2784 in
979 2705 1233 2788 annotatione
1247 2707 1394 2814 primic
1426 2705 1509 2786 Pee-
1555 2777 1558 2784 .

238 2811 436 2919 =spondeo
455 2831 641 2918 autem,et
656 2832 669 2890 r
683 2809 804 2918 aliqui
827 2805 897 2889 fint
911 2809 1086 2895 homines
1100 2817 1170 2924 qui
1193 2815 1511 2928 aliquandocon·

238 2921 427 3014 aditiones
449 2917 644 3005 societatis
668 2919 920 3022 necessarias,
949 2927 990 3008 &
1019 2944 1143 3036 aequat
1166 2926 1293 3009 nolint
1314 2921 1511 3036 a'ccipere,

243 3053 403 3146 matura
420 3053 549 3115 tamen
564 3055 634 3113 nec
659 3055 789 3115 rerum
803 3035 989 3132 omnium,
1015 3061 1087 3116 nec
1106 3063 1192 3146 quae
1208 3037 1278 3120 illia
1303 3033 1512 3121 intrinseca

242 3143 318 3228 cst
344 3169 413 3229 coe
448 3141 580 3244 docet,
602 3165 671 3226 aut
700 3141 930 3226 determinat
960 3164 1005 3224 ut
1031 3171 1095 3226 eae
1115 3147 1359 3232 conditiones
1387 3148 1513 3232 nolint

247 3253 380 3348 serre,
438 3252 570 3336 Mores
594 3257 749 3364 inquoa
773 3254 932 3363 quidem
946 3253 1157 3364 aliquando
1170 3261 1316 3342 temere
1327 3257 1513 3358 incidunt,

264 3369 307 3448 8(
332 3363 356 3446 it
385 3359 528 3472 quibus
552 3363 714 3447 aliorum
747 3365 998 3473 plurimorum
1019 3364 1137 3450 immo
1163 3369 1402 3480 &ipsorum
1433 3371 1526 3452 vita‘

264 3471 366 3579 saepe
392 3465 567 3572 diffidet,
596 3501 674 3556 non
700 3471 784 3556 sunt
818 3473 1035 3580 imputandi
1071 3503 1212 3564 naturae
1238 3481 1426 3580 humanae,
1450 3501 1516 3562 aut

194 3595 198 3604 '
266 3580 447 3685 univetst,
475 3579 539 3664 scd
562 3601 605 3665 ut
630 3581 697 3695 ipsa
720 3580 803 3667 sunt
826 3589 1108 3695 contingentes,
1138 3591 1425 3703 contingentem
1448 3591 1516 3672 ha·

269 3689 366 3772 bent
394 3693 570 3802 causam,
600 3699 1006 3804 temerariam'ncmpe
1032 3697 1184 3784 arbitrii
1207 3703 1367 3788 illorum
1401 3701 1515 3784 liberi

268 3797 641 3888 determinationem.
705 3809 786 3910 Qai
808 3809 1009 3894 denatura
1030 3814 1238 3922 quicquam
1283 3817 1517 3899 ronunciate

268 3913 383 4014 velit,
413 3915 608 4025 expendat
630 3933 791 4026 oportet
812 3917 1042 4023 constantes,
1070 3925 1111 4006 dt
1136 3953 1232 4008 nece
1264 3927 1372 4028 arias,
1401 3927 1518 4007 acin·

269 4021 448 4110 trinsecus
473 4037 603 4114 rerum
618 4029 805 4133 omnium,
833 4029 1002 4120 hominis
1024 4034 1245 4144 presertim,
1271 4037 1372 4124 vires
1393 4041 1435 4123 &
1450 4063 1519 4121 co·

1411 4169 1520 4232 natus
