3392 4572
324 195 386 294 De
414 189 657 296 virtutibus.
677 195 916 300 Moralibus
936 196 1183 334 figillatim,
1338 215 1426 342 365

182 393 265 478 quae
291 363 329 447 in
355 391 593 448 communem
619 363 758 446 cedant
782 367 1014 466 utilitatem
1043 369 1163 478 idque
1187 371 1250 451 vel
1279 367 1427 482 absque

181 475 425 583 condit-ione,
440 475 502 553 vel
529 472 598 554 sub
621 474 859 583 conditione,
888 499 1003 583 prout
1030 477 1111 560 finis
1133 477 1264 587 optimi
1289 505 1437 563 natura,

177 585 444 698 postulaverit.
474 581 507 662 E
528 581 849 690 promilltsautem
859 587 908 668 de
925 585 1065 694 quibus
1079 589 1179 670 inter
1193 589 1316 698 plures
1330 619 1423 676 cott-

177 699 286 780 venit
315 692 358 775 lit
391 696 619 793 conventio,
644 695 861 776 commistus
887 720 952 774 aut
987 699 1153 803 pallum,
1181 721 1299 808 atque
1330 700 1420 784 hinc

177 833 291 891 omne
312 805 398 887 fere
427 803 694 885 commercium
729 807 829 886 inter
855 806 1073 887 rationales.
1118 807 1211 890 Non
1245 816 1418 894 occurrit

177 911 487 1021 tamen‘speciale
509 911 671 1021 aliquod
698 939 837 995 nomen
858 914 1007 996 virtutis
1037 943 1120 1026 quae
1146 918 1195 999 ad
1223 915 1430 1004 faciendas·
1533 991 1537 1005 .

173 997 437 1136 ptonllffiones
449 1021 662 1126 hujusmodi
676 1049 722 1103 ac
741 1026 954 1120 eustratius
968 1024 1073 1108 bono
1095 1027 1252 1136 publico
1267 1027 1413 1112 utilisst·

173 1161 256 1218 mos
285 1131 487 1214 rationales
508 1129 751 1231 determinet,
780 1155 820 1215 at
844 1133 960 1217 virtus
982 1136 1045 1215 illa
1069 1165 1152 1244 quae
1175 1135 1357 1246 ‘promilla
1371 1169 1416 1222 ac

171 1248 278 1356 palla
299 1239 500 1350 ejusmodi·
518 1241 660 1347 servet,
678 1241 798 1322 Fidei·
823 1265 889 1322 atat
910 1245 1125 1328 fidelitatis
1143 1249 1301 1328 nomine.
1325 1247 1431 1339 ubi,

171 1383 250 1466 que
276 1351 505 1434 celebratur.
563 1349 742 1455 Ejusdem
772 1355 926 1440 interim
957 1354 1012 1436 est
1043 1356 1175 1438 animi·
1195 1363 1234 1440 ὃ(
1258 1358 1429 1444 virtutis¹

170 1466 279 1574 palla
293 1463 382 1544 talia
399 1459 628 1556 witewelle,
641 1463 682 1542 &
694 1459 786 1544 inita
800 1459 1033 1544 observate:
1063 1463 1149 1544 Nec
1165 1463 1309 1548 licitum
1322 1467 1410 1575 qui·

168 1575 255 1657 dem
271 1571 326 1653 est
341 1571 446 1678 palia
470 1567 692 1666 observare,
712 1569 777 1651 nist
801 1571 891 1651 talia
906 1569 975 1652 sant
994 1600 1078 1681 quae
1101 1574 1284 1682 perleges
1298 1600 1408 1670 natu·
1535 1571 1538 1578 ’

168 1711 217 1768 1ae
243 1680 348 1762 salvo
366 1679 556 1762 communi
585 1677 713 1784 Bono,
740 1677 805 1760 seu
828 1681 935 1762 licite
961 1679 1045 1766 fieri
1082 1679 1265 1790 pollent·
1301 1683 1410 1770 Tan·

133 1847 136 1854 ,
165 1791 333 1900 uimque
352 1785 459 1870 abest
483 1807 525 1868 ut
548 1785 690 1891 justitia
715 1786 836 1872 omnis
858 1787 974 1898 <quae
999 1793 1159 1898 proprie
1181 1792 1347 1876 consistit
1369 1797 1420 1880 in,

165 1903 320 2011 Legum
333 1894 602 2002 observantia)
624 1894 760 1978 resolvi
782 1894 893 2006 poffit
908 1904 947 1982 in
965 1895 1079 1980 fidem
1098 1903 1215 2006 pallis
1230 1902 1408 2010 praestan·

162 2013 267 2111 dam,
290 2033 333 2092 ot
356 2005 648 2091 etcontraantea
667 2005 782 2114 quim
798 2005 876 2116 seiri
897 2005 1070 2118 poffitan
1085 2007 1231 2116 pactum
1246 2011 1417 2122 aliquod'

160 2119 397 2232 implendam
417 2115 477 2214 fit,
496 2135 641 2196 certum
654 2113 731 2198 elle
747 2113 866 2198 debet
888 2118 983 2202 illud
998 2117 1147 2227 pallum
1160 2119 1308 2228 Legum
1321 2123 1403 2204 Na·

159 2230 335 2314 toralium
364 2223 463 2332 jullu
482 2247 547 2307 atat
569 2225 703 2308 saltem
717 2224 897 2333 pesmillu
913 2229 1050 2310 initum
1074 2223 1163 2308 elle.
1219 2229 1404 2340 Denique

24 2389 27 2398 »
157 2339 299 2426 summa
314 2336 594 2421 Benevolentia
604 2335 645 2416 in
657 2333 895 2420 sermonibus
908 2333 1140 2420 nostrismoo
1154 2341 1414 2446 exprimitur„

158 2451 223 2534 nisa
246 2447 449 2556 jucundum
460 2441 644 2554 quiddam
666 2443 715 2524 iis
732 2449 968 2554 opportune,
992 2473 1063 2554 pro
1079 2445 1261 2554 cujusque
1282 2449 1400 2532 facul·

155 2581 258 2661 tate,
285 2557 571 2649 admisceatura
599 2551 705 2662 quod
736 2553 1107 2661 praestatmbanitas.
1149 2555 1246 2635 lluic
1269 2564 1397 2640 atitem

155 2671 296 2753 virtuti
322 2667 372 2748 ab
390 2663 568 2751 omnibus
589 2663 745 2744 maximi
766 2661 849 2744 linis
870 2661 1038 2772 partibus
1053 2662 1190 2745 limites
1213 2663 1328 2745 iidem
1352 2665 1398 2748 fi·

153 2799 314 2888 guntur,
325 2777 393 2884 qui
406 2771 559 2856 ceteris.
593 2773 764 2858 Cautum
775 2777 876 2856 enim
891 2771 946 2856 est
957 2771 1275 2860 universali'tesut
1287 2775 1412 2880 nihil„

152 2917 205 2972 ne
227 2913 299 2998 per
312 2890 439 2992 jocum
453 2877 624 2991 quidem,
634 2881 786 2966 dicatur
799 2883 907 2991 quod
932 2881 1013 2964 Dei
1037 2881 1221 2968 honorem
1246 2885 1396 2970 authu·
1527 2985 1531 2994 ι

151 2989 674 3104 manigenerisfoelicitatem
689 2991 856 3094 minuata
884 3013 1004 3102 atque
1018 2989 1092 3074 hoc
1105 2989 1411 3096 lietfinecRes

148 3107 302 3218 ligionis
319 3103 455 3213 Leges,
466 3127 539 3181 nec
551 3101 639 3202 jura
658 3100 858 3198 Gentium,
872 3127 945 3182 nec
955 3099 1107 3197 Civilia,
1118 3127 1188 3182 nec
1200 3099 1391 3186 minorum
1530 3179 1534 3188 ,

149 3219 396 3316 societatum,
415 3237 461 3294 ac
470 3205 711 3307 familiarum,
722 3229 789 3291 aut
802 3207 1032 3319 finguloaum
1045 3207 1256 3309 hominum,
1276 3217 1398 3321 turpi.

149 3329 192 3409 8(
218 3327 375 3435 procaci
397 3321 601 3405 dicacitate
622 3319 797 3410 omnibus
818 3319 1093 3402 contemnenda
1116 3323 1157 3402 ὃ(
1179 3317 1398 3408 deridenda.

179 3435 421 3545 ropinentuta
477 3429 535 3512 llli
558 3447 684 3510 etatem
702 3427 880 3538 quidum
903 3431 1014 3530 jocos
1042 3427 1230 3512 setiantm
1255 3433 1294 3510 in
1320 3430 1391 3516 has

146 3463 273 3654 leges
284 3545 514 3735 imgiogumt,
533 3537 933 3674 &caralitanametitlt
945 3535 1215 3666 infimulantur.
1242 3535 1303 3620 llli
1318 3565 1386 3624 au·

61 3847 62 3850 w
142 3645 1386 3874 mallissllllglgll‘ll”lllllsslsslllll‘l

143 3870 404 3989 Rusticitoana
419 3867 603 3952 incidunt.
631 3861 796 3952 Sufficiat
809 3883 938 3978 autem
957 3865 1036 3950 haec
1049 3861 1188 3948 dixille
1201 3867 1249 3950 de
1262 3865 1386 3977 prima

143 3981 250 4091 Lege
261 3979 431 4089 speciali,
455 3974 640 4082 &justitia
655 3973 1171 4086 Legeuniversaliderivatl,
1182 4005 1227 4057 ac
1239 3979 1288 4059 de
1300 3975 1384 4082 ejus

142 4081 1366 4291 mullfflle‘filunimillibusquaeiissuntcinill'egss

757 4215 824 4278 'aa
851 4218 887 4298 3
1181 4251 1192 4276 .
1279 4253 1305 4276 ..
1357 4213 1397 4276 ἰ
