<?xml version="1.0" encoding="UTF-8"?>
<!DOCTYPE html PUBLIC "-//W3C//DTD XHTML 1.0 Transitional//EN"
    "http://www.w3.org/TR/xhtml1/DTD/xhtml1-transitional.dtd">
<html xmlns="http://www.w3.org/1999/xhtml" xml:lang="en" lang="en">
 <head>
  <title>
</title>
<meta http-equiv="Content-Type" content="text/html;charset=utf-8" />
  <meta name='ocr-system' content='tesseract 3.04.00' />
  <meta name='ocr-capabilities' content='ocr_page ocr_carea ocr_par ocr_line ocrx_word'/>
</head>
<body>
  <div class='ocr_page' id='page_1' title='image "./delegibusnatura00cumbgoog_0182.png"; bbox 0 0 3384 4578; ppageno 0'>
   <div class='ocr_carea' id='block_1_1' title="bbox 277 154 1211 282">
    <p class='ocr_par' dir='ltr' id='par_1_1' title="bbox 277 154 1211 282">
     <span class='ocr_line' id='line_1_1' title="bbox 277 154 1211 282; baseline -0.004 -20"><span class='ocrx_word' id='word_1_1' title='bbox 277 192 366 274; x_wconf 82' lang='lat'>110</span> <span class='ocrx_word' id='word_1_2' title='bbox 602 161 667 264; x_wconf 86' lang='lat' dir='ltr'>De</span> <span class='ocrx_word' id='word_1_3' title='bbox 695 154 876 260; x_wconf 75' lang='lat' dir='ltr'>Natura</span> <span class='ocrx_word' id='word_1_4' title='bbox 902 154 1117 282; x_wconf 77' lang='lat' dir='ltr'>Humana,</span> <span class='ocrx_word' id='word_1_5' title='bbox 1159 166 1211 267; x_wconf 69' lang='lat' dir='ltr'>da</span> 
     </span>
    </p>
   </div>
   <div class='ocr_carea' id='block_1_2' title="bbox 268 331 1516 639">
    <p class='ocr_par' dir='ltr' id='par_1_2' title="bbox 268 331 1516 639">
     <span class='ocr_line' id='line_1_2' title="bbox 268 331 1515 452; baseline -0.006 -26"><span class='ocrx_word' id='word_1_6' title='bbox 268 337 419 452; x_wconf 86' lang='lat' dir='ltr'>prorsus</span> <span class='ocrx_word' id='word_1_7' title='bbox 440 333 618 423; x_wconf 81' lang='lat' dir='ltr'>oblivisci</span> <span class='ocrx_word' id='word_1_8' title='bbox 654 331 917 443; x_wconf 82' lang='lat' dir='ltr'>nonpollrnt,</span> <span class='ocrx_word' id='word_1_9' title='bbox 939 334 1033 417; x_wconf 83' lang='lat' dir='ltr'>dnm</span> <span class='ocrx_word' id='word_1_10' title='bbox 1058 333 1114 418; x_wconf 89' lang='lat' dir='ltr'>sui</span> <span class='ocrx_word' id='word_1_11' title='bbox 1144 333 1400 419; x_wconf 84' lang='lat' dir='ltr'><strong>meminerint.</strong></span> <span class='ocrx_word' id='word_1_12' title='bbox 1442 333 1515 420; x_wconf 73' lang='lat' dir='ltr'>tl·</span> 
     </span>
     <span class='ocr_line' id='line_1_3' title="bbox 268 444 1516 639; baseline -0.002 -108"><span class='ocrx_word' id='word_1_13' title='bbox 268 450 359 534; x_wconf 90' lang='lat' dir='ltr'>dem</span> <span class='ocrx_word' id='word_1_14' title='bbox 369 450 468 533; x_wconf 88' lang='lat' dir='ltr'>enirn</span> <span class='ocrx_word' id='word_1_15' title='bbox 479 449 643 556; x_wconf 85' lang='lat' dir='ltr'><strong>imagine</strong></span> <span class='ocrx_word' id='word_1_16' title='bbox 656 447 888 530; x_wconf 83' lang='lat' dir='ltr'>exhibentur</span> <span class='ocrx_word' id='word_1_17' title='bbox 899 445 1086 543; x_wconf 75' lang='lat' dir='ltr'>srmilia3in</span> <span class='ocrx_word' id='word_1_18' title='bbox 1098 469 1285 639; x_wconf 65' lang='lat' dir='ltr'>guantum</span> <span class='ocrx_word' id='word_1_19' title='bbox 1300 449 1394 529; x_wconf 90' lang='lat' dir='ltr'>talia</span> <span class='ocrx_word' id='word_1_20' title='bbox 1405 444 1516 530; x_wconf 63' lang='lat' dir='ltr'>sunta</span> 
     </span>
    </p>
   </div>
   <div class='ocr_carea' id='block_1_3' title="bbox 177 555 1571 2324">
    <p class='ocr_par' dir='ltr' id='par_1_3' title="bbox 177 555 1571 2324">
     <span class='ocr_line' id='line_1_4' title="bbox 271 555 1517 668; baseline -0.006 -24"><span class='ocrx_word' id='word_1_21' title='bbox 271 560 487 645; x_wconf 75' lang='lat' dir='ltr'>necessario</span> <span class='ocrx_word' id='word_1_22' title='bbox 515 561 632 641; x_wconf 90' lang='lat' dir='ltr'>etiam</span> <span class='ocrx_word' id='word_1_23' title='bbox 657 555 1081 665; x_wconf 77' lang='lat' dir='ltr'>cognoscuntillapari</span> <span class='ocrx_word' id='word_1_24' title='bbox 1120 585 1204 639; x_wconf 86' lang='lat' dir='ltr'>ame</span> <span class='ocrx_word' id='word_1_25' title='bbox 1225 555 1361 668; x_wconf 78' lang='lat' dir='ltr'>sitique</span> <span class='ocrx_word' id='word_1_26' title='bbox 1373 555 1517 664; x_wconf 88' lang='lat' dir='ltr'>urgeri,</span> 
     </span>
     <span class='ocr_line' id='line_1_5' title="bbox 271 665 1519 776; baseline -0.005 -23"><span class='ocrx_word' id='word_1_27' title='bbox 271 669 374 756; x_wconf 78' lang='lat' dir='ltr'>adeo</span> <span class='ocrx_word' id='word_1_28' title='bbox 407 699 421 768; x_wconf 65' lang='grc' dir='ltr'><strong>ς</strong></span> <span class='ocrx_word' id='word_1_29' title='bbox 444 665 684 751; x_wconf 83' lang='lat' dir='ltr'>Naturaesuae</span> <span class='ocrx_word' id='word_1_30' title='bbox 706 665 857 750; x_wconf 87' lang='lat' dir='ltr'>stimulo</span> <span class='ocrx_word' id='word_1_31' title='bbox 871 665 1137 774; x_wconf 84' lang='lat' dir='ltr'>patiexcitari,</span> <span class='ocrx_word' id='word_1_32' title='bbox 1153 665 1419 776; x_wconf 86' lang='lat' dir='ltr'>adquaerenda</span> <span class='ocrx_word' id='word_1_33' title='bbox 1436 666 1519 747; x_wconf 79' lang='lat' dir='ltr'>sibi·</span> 
     </span>
     <span class='ocr_line' id='line_1_6' title="bbox 271 697 1520 888; baseline -0.003 -24"><span class='ocrx_word' id='word_1_34' title='bbox 271 805 350 864; x_wconf 85' lang='lat' dir='ltr'>nret</span> <span class='ocrx_word' id='word_1_35' title='bbox 363 697 542 862; x_wconf 79' lang='lat' dir='ltr'>alimenta</span> <span class='ocrx_word' id='word_1_36' title='bbox 556 807 572 876; x_wconf 76' lang='lat'>3</span> <span class='ocrx_word' id='word_1_37' title='bbox 585 777 768 888; x_wconf 76' lang='lat' dir='ltr'>adeoque</span> <span class='ocrx_word' id='word_1_38' title='bbox 781 799 932 883; x_wconf 87' lang='lat' dir='ltr'>gratum</span> <span class='ocrx_word' id='word_1_39' title='bbox 941 774 1128 884; x_wconf 89' lang='lat' dir='ltr'>quiddam</span> <span class='ocrx_word' id='word_1_40' title='bbox 1141 774 1212 861; x_wconf 86' lang='lat' dir='ltr'>illis</span> <span class='ocrx_word' id='word_1_41' title='bbox 1233 773 1329 878; x_wconf 83' lang='lat' dir='ltr'>fieri,</span> <span class='ocrx_word' id='word_1_42' title='bbox 1343 805 1437 860; x_wconf 87' lang='lat' dir='ltr'>curn</span> <span class='ocrx_word' id='word_1_43' title='bbox 1452 778 1520 860; x_wconf 91' lang='lat' dir='ltr'>ho·</span> 
     </span>
     <span class='ocr_line' id='line_1_7' title="bbox 273 883 1521 999; baseline -0.006 -22"><span class='ocrx_word' id='word_1_44' title='bbox 273 919 360 978; x_wconf 88' lang='lat' dir='ltr'>rum</span> <span class='ocrx_word' id='word_1_45' title='bbox 385 889 477 974; x_wconf 88' lang='lat' dir='ltr'>usus</span> <span class='ocrx_word' id='word_1_46' title='bbox 497 890 597 972; x_wconf 91' lang='lat' dir='ltr'>liber</span> <span class='ocrx_word' id='word_1_47' title='bbox 621 889 669 968; x_wconf 87' lang='lat' dir='ltr'>iis</span> <span class='ocrx_word' id='word_1_48' title='bbox 692 887 938 997; x_wconf 85' lang='lat' dir='ltr'>permittitur,</span> <span class='ocrx_word' id='word_1_49' title='bbox 967 883 1135 969; x_wconf 75' lang='lat' dir='ltr'>antelam</span> <span class='ocrx_word' id='word_1_50' title='bbox 1159 887 1197 968; x_wconf 88' lang='lat' dir='ltr'>in</span> <span class='ocrx_word' id='word_1_51' title='bbox 1218 885 1261 967; x_wconf 83' lang='lat' dir='ltr'>iia</span> <span class='ocrx_word' id='word_1_52' title='bbox 1276 889 1521 999; x_wconf 77' lang='lat' dir='ltr'>acquirendis</span> 
     </span>
     <span class='ocr_line' id='line_1_8' title="bbox 273 993 1521 1112; baseline -0.006 -26"><span class='ocrx_word' id='word_1_53' title='bbox 273 1005 472 1112; x_wconf 75' lang='lat' dir='ltr'>juvantur.</span> <span class='ocrx_word' id='word_1_54' title='bbox 516 997 713 1098; x_wconf 82' lang='lat' dir='ltr'>Quoniam</span> <span class='ocrx_word' id='word_1_55' title='bbox 728 1017 856 1078; x_wconf 88' lang='lat' dir='ltr'>autem</span> <span class='ocrx_word' id='word_1_56' title='bbox 870 994 1064 1104; x_wconf 81' lang='lat' dir='ltr'>perpetud</span> <span class='ocrx_word' id='word_1_57' title='bbox 1078 993 1141 1078; x_wconf 87' lang='lat' dir='ltr'>seu</span> <span class='ocrx_word' id='word_1_58' title='bbox 1165 995 1383 1080; x_wconf 88' lang='lat' dir='ltr'>constanter</span> <span class='ocrx_word' id='word_1_59' title='bbox 1398 1001 1521 1080; x_wconf 87' lang='lat' dir='ltr'>locum</span> 
     </span>
     <span class='ocr_line' id='line_1_9' title="bbox 274 1104 1523 1216; baseline -0.006 -19"><span class='ocrx_word' id='word_1_60' title='bbox 274 1114 421 1197; x_wconf 85' lang='lat' dir='ltr'>habent</span> <span class='ocrx_word' id='word_1_61' title='bbox 431 1107 723 1192; x_wconf 85' lang='lat' dir='ltr'>inanimalibus</span> <span class='ocrx_word' id='word_1_62' title='bbox 750 1104 970 1211; x_wconf 90' lang='lat' dir='ltr'>hujusmodi</span> <span class='ocrx_word' id='word_1_63' title='bbox 982 1105 1032 1187; x_wconf 83' lang='lat' dir='ltr'>de</span> <span class='ocrx_word' id='word_1_64' title='bbox 1050 1105 1330 1214; x_wconf 84' lang='lat' dir='ltr'>congeneribus</span> <span class='ocrx_word' id='word_1_65' title='bbox 1346 1109 1523 1216; x_wconf 78' lang='lat' dir='ltr'>phantas-</span> 
     </span>
     <span class='ocr_line' id='line_1_10' title="bbox 276 1214 1524 1329; baseline -0.006 -22"><span class='ocrx_word' id='word_1_66' title='bbox 276 1245 396 1329; x_wconf 77' lang='lat' dir='ltr'>mata,</span> <span class='ocrx_word' id='word_1_67' title='bbox 422 1226 466 1305; x_wconf 75' lang='lat'>8&lt;</span> <span class='ocrx_word' id='word_1_68' title='bbox 487 1214 643 1300; x_wconf 72' lang='lat' dir='ltr'>offellus</span> <span class='ocrx_word' id='word_1_69' title='bbox 666 1219 719 1324; x_wconf 37' lang='grc' dir='ltr'>ἴς,</span> <span class='ocrx_word' id='word_1_70' title='bbox 756 1215 897 1298; x_wconf 87' lang='lat' dir='ltr'>amoris</span> <span class='ocrx_word' id='word_1_71' title='bbox 922 1238 1079 1299; x_wconf 84' lang='lat' dir='ltr'>conatus</span> <span class='ocrx_word' id='word_1_72' title='bbox 1103 1217 1346 1327; x_wconf 80' lang='lat' dir='ltr'>aliqualesert</span> <span class='ocrx_word' id='word_1_73' title='bbox 1364 1221 1524 1303; x_wconf 81' lang='lat' dir='ltr'>Naturae&#39;</span> 
     </span>
     <span class='ocr_line' id='line_1_11' title="bbox 275 1325 1525 1438; baseline -0.002 -22"><span class='ocrx_word' id='word_1_74' title='bbox 275 1333 347 1416; x_wconf 86' lang='lat' dir='ltr'>suae</span> <span class='ocrx_word' id='word_1_75' title='bbox 367 1327 592 1414; x_wconf 92' lang='lat' dir='ltr'>conditione</span> <span class='ocrx_word' id='word_1_76' title='bbox 615 1325 826 1410; x_wconf 75' lang='lat' dir='ltr'>necessario</span> <span class='ocrx_word' id='word_1_77' title='bbox 847 1325 939 1408; x_wconf 73' lang='lat' dir='ltr'>inde</span> <span class='ocrx_word' id='word_1_78' title='bbox 961 1327 1055 1429; x_wconf 88' lang='lat' dir='ltr'>orti,</span> <span class='ocrx_word' id='word_1_79' title='bbox 1079 1327 1251 1438; x_wconf 89' lang='lat' dir='ltr'>sequitur</span> <span class='ocrx_word' id='word_1_80' title='bbox 1270 1351 1433 1412; x_wconf 87' lang='lat' dir='ltr'>eatenus</span> <span class='ocrx_word' id='word_1_81' title='bbox 1456 1359 1525 1438; x_wconf 84' lang='lat' dir='ltr'>op·</span> 
     </span>
     <span class='ocr_line' id='line_1_12' title="bbox 279 1433 1528 1556; baseline -0.005 -30"><span class='ocrx_word' id='word_1_82' title='bbox 279 1439 444 1556; x_wconf 83' lang='lat' dir='ltr'>pugnari</span> <span class='ocrx_word' id='word_1_83' title='bbox 466 1438 677 1520; x_wconf 83' lang='lat' dir='ltr'>naturalem</span> <span class='ocrx_word' id='word_1_84' title='bbox 702 1433 873 1544; x_wconf 81' lang='lat' dir='ltr'>ipsorum</span> <span class='ocrx_word' id='word_1_85' title='bbox 894 1435 1224 1537; x_wconf 82' lang='lat' dir='ltr'>constitutionem,</span> <span class='ocrx_word' id='word_1_86' title='bbox 1245 1462 1438 1546; x_wconf 86' lang='lat' dir='ltr'>quatenus</span> <span class='ocrx_word' id='word_1_87' title='bbox 1465 1461 1528 1520; x_wconf 90' lang='lat' dir='ltr'>aut</span> 
     </span>
     <span class='ocr_line' id='line_1_13' title="bbox 279 1545 1571 1665; baseline -0.003 -31"><span class='ocrx_word' id='word_1_88' title='bbox 279 1583 350 1665; x_wconf 89' lang='lat' dir='ltr'>per</span> <span class='ocrx_word' id='word_1_89' title='bbox 373 1548 596 1630; x_wconf 87' lang='lat' dir='ltr'>vecordiam</span> <span class='ocrx_word' id='word_1_90' title='bbox 621 1571 688 1628; x_wconf 92' lang='lat' dir='ltr'>aut</span> <span class='ocrx_word' id='word_1_91' title='bbox 707 1547 800 1627; x_wconf 89' lang='lat' dir='ltr'>volu</span> <span class='ocrx_word' id='word_1_92' title='bbox 833 1565 967 1653; x_wconf 83' lang='lat' dir='ltr'>tatem,</span> <span class='ocrx_word' id='word_1_93' title='bbox 995 1569 1061 1627; x_wconf 90' lang='lat' dir='ltr'>aut</span> <span class='ocrx_word' id='word_1_94' title='bbox 1077 1575 1148 1656; x_wconf 90' lang='lat' dir='ltr'>per</span> <span class='ocrx_word' id='word_1_95' title='bbox 1171 1545 1366 1630; x_wconf 87' lang='lat' dir='ltr'>violentas·</span> <span class='ocrx_word' id='word_1_96' title='bbox 1382 1550 1435 1634; x_wconf 87' lang='lat' dir='ltr'>ali</span> <span class='ocrx_word' id='word_1_97' title='bbox 1466 1553 1529 1630; x_wconf 75' lang='lat' dir='ltr'>nai</span> <span class='ocrx_word' id='word_1_98' title='bbox 1566 1547 1571 1558; x_wconf 84' lang='lat'>&#39;</span> 
     </span>
     <span class='ocr_line' id='line_1_14' title="bbox 278 1573 1530 1769; baseline -0.004 -24"><span class='ocrx_word' id='word_1_99' title='bbox 278 1659 508 1769; x_wconf 88' lang='lat' dir='ltr'>cupiditates</span> <span class='ocrx_word' id='word_1_100' title='bbox 532 1652 777 1764; x_wconf 72' lang='lat' dir='ltr'>paffiondlve,</span> <span class='ocrx_word' id='word_1_101' title='bbox 797 1573 841 1734; x_wconf 70' lang='lat' dir='ltr'>lit</span> <span class='ocrx_word' id='word_1_102' title='bbox 866 1657 1071 1766; x_wconf 88' lang='lat' dir='ltr'>quicquam</span> <span class='ocrx_word' id='word_1_103' title='bbox 1106 1655 1293 1762; x_wconf 86' lang='lat' dir='ltr'>ejusmodi</span> <span class='ocrx_word' id='word_1_104' title='bbox 1319 1579 1530 1742; x_wconf 77' lang='lat' dir='ltr'>intrinlecis</span> 
     </span>
     <span class='ocr_line' id='line_1_15' title="bbox 177 1763 1529 1872; baseline -0.001 -16"><span class='ocrx_word' id='word_1_105' title='bbox 177 1803 179 1808; x_wconf 89' lang='lat'>·</span> <span class='ocrx_word' id='word_1_106' title='bbox 281 1768 482 1856; x_wconf 85' lang='lat' dir='ltr'>conatibus</span> <span class='ocrx_word' id='word_1_107' title='bbox 496 1769 955 1852; x_wconf 75' lang='lat' dir='ltr'>contrariumtutomnes</span> <span class='ocrx_word' id='word_1_108' title='bbox 968 1763 1183 1848; x_wconf 87' lang='lat' dir='ltr'>existimant</span> <span class='ocrx_word' id='word_1_109' title='bbox 1195 1765 1529 1872; x_wconf 54' lang='lat' dir='ltr'>madmena&amp;</span> 
     </span>
     <span class='ocr_line' id='line_1_16' title="bbox 314 1875 1530 1987; baseline -0.003 -23"><span class='ocrx_word' id='word_1_110' title='bbox 314 1879 639 1964; x_wconf 86' lang='lat' dir='ltr'>taetetnaturalem</span> <span class='ocrx_word' id='word_1_111' title='bbox 662 1875 980 1962; x_wconf 84' lang='lat' dir='ltr'>constitutionem</span> <span class='ocrx_word' id='word_1_112' title='bbox 1003 1875 1132 1976; x_wconf 80' lang='lat' dir='ltr'>Canis,</span> <span class='ocrx_word' id='word_1_113' title='bbox 1184 1877 1226 1958; x_wconf 90' lang='lat' dir='ltr'>ui</span> <span class='ocrx_word' id='word_1_114' title='bbox 1241 1875 1371 1987; x_wconf 78' lang='lat' dir='ltr'>table,</span> <span class='ocrx_word' id='word_1_115' title='bbox 1385 1901 1463 1962; x_wconf 88' lang='lat' dir='ltr'>aut</span> <span class='ocrx_word' id='word_1_116' title='bbox 1477 1885 1530 1961; x_wconf 93' lang='lat' dir='ltr'>in·</span> 
     </span>
     <span class='ocr_line' id='line_1_17' title="bbox 283 1906 1531 2100; baseline -0.003 -23"><span class='ocrx_word' id='word_1_117' title='bbox 283 1916 386 2078; x_wconf 71' lang='lat' dir='ltr'>lanii</span> <span class='ocrx_word' id='word_1_118' title='bbox 407 2013 625 2099; x_wconf 78' lang='lat' dir='ltr'>correptus,</span> <span class='ocrx_word' id='word_1_119' title='bbox 638 1987 687 2068; x_wconf 90' lang='lat' dir='ltr'>ad</span> <span class='ocrx_word' id='word_1_120' title='bbox 702 1985 952 2072; x_wconf 87' lang='lat' dir='ltr'>mordendum</span> <span class='ocrx_word' id='word_1_121' title='bbox 963 2013 1075 2069; x_wconf 82' lang='lat' dir='ltr'>canes</span> <span class='ocrx_word' id='word_1_122' title='bbox 1086 1906 1278 2098; x_wconf 75' lang='lat' dir='ltr'>quollibet</span> <span class='ocrx_word' id='word_1_123' title='bbox 1288 1988 1428 2073; x_wconf 88' lang='lat' dir='ltr'>obvios</span> <span class='ocrx_word' id='word_1_124' title='bbox 1441 2019 1531 2100; x_wconf 87' lang='lat' dir='ltr'>prae·</span> 
     </span>
     <span class='ocr_line' id='line_1_18' title="bbox 286 2093 1531 2212; baseline -0.004 -28"><span class='ocrx_word' id='word_1_125' title='bbox 286 2127 347 2186; x_wconf 91' lang='lat' dir='ltr'>ter</span> <span class='ocrx_word' id='word_1_126' title='bbox 363 2102 514 2184; x_wconf 89' lang='lat' dir='ltr'>solitum</span> <span class='ocrx_word' id='word_1_127' title='bbox 529 2099 716 2182; x_wconf 87' lang='lat' dir='ltr'>incitatur.</span> <span class='ocrx_word' id='word_1_128' title='bbox 768 2098 855 2178; x_wconf 92' lang='lat' dir='ltr'>Nec</span> <span class='ocrx_word' id='word_1_129' title='bbox 874 2093 1090 2178; x_wconf 70' lang='lat' dir='ltr'>tantulam</span> <span class='ocrx_word' id='word_1_130' title='bbox 1114 2097 1531 2212; x_wconf 81' lang='lat' dir='ltr'>rationemperspicere</span> 
     </span>
     <span class='ocr_line' id='line_1_19' title="bbox 284 2202 1532 2324; baseline -0.003 -29"><span class='ocrx_word' id='word_1_131' title='bbox 284 2203 616 2324; x_wconf 67' lang='lat' dir='ltr'>polluancratnon</span> <span class='ocrx_word' id='word_1_132' title='bbox 636 2205 833 2312; x_wconf 87' lang='lat' dir='ltr'>omnigeni</span> <span class='ocrx_word' id='word_1_133' title='bbox 854 2202 1090 2314; x_wconf 69' lang='lat' dir='ltr'>affestua&#39;qui</span> <span class='ocrx_word' id='word_1_134' title='bbox 1113 2204 1307 2314; x_wconf 82' lang='lat' dir='ltr'>smgular&#39;u</span> <span class='ocrx_word' id='word_1_135' title='bbox 1321 2207 1532 2318; x_wconf 83' lang='lat' dir='ltr'>cujuspiam</span> 
     </span>
    </p>
   </div>
   <div class='ocr_carea' id='block_1_4' title="bbox 159 2313 1531 2426">
    <p class='ocr_par' dir='ltr' id='par_1_4' title="bbox 159 2313 1531 2426">
     <span class='ocr_line' id='line_1_20' title="bbox 159 2313 1531 2426; baseline -0.003 -21"><span class='ocrx_word' id='word_1_136' title='bbox 159 2357 162 2363; x_wconf 19' lang='grc' dir='ltr'><strong>Δ</strong></span> <span class='ocrx_word' id='word_1_137' title='bbox 287 2319 461 2404; x_wconf 78' lang='lat' dir='ltr'>animalis</span> <span class='ocrx_word' id='word_1_138' title='bbox 484 2317 621 2400; x_wconf 89' lang='lat' dir='ltr'>statum</span> <span class='ocrx_word' id='word_1_139' title='bbox 640 2315 740 2399; x_wconf 82' lang='lat' dir='ltr'>adeb</span> <span class='ocrx_word' id='word_1_140' title='bbox 753 2313 997 2426; x_wconf 85' lang='lat' dir='ltr'>perturbant,</span> <span class='ocrx_word' id='word_1_141' title='bbox 1026 2337 1070 2396; x_wconf 92' lang='lat' dir='ltr'>ut</span> <span class='ocrx_word' id='word_1_142' title='bbox 1090 2342 1260 2426; x_wconf 78' lang='lat' dir='ltr'>ptaecepa</span> <span class='ocrx_word' id='word_1_143' title='bbox 1277 2321 1531 2403; x_wconf 67' lang='lat' dir='ltr'>maeinanis</span> 
     </span>
    </p>
   </div>
   <div class='ocr_carea' id='block_1_5' title="bbox 239 2421 1569 4280">
    <p class='ocr_par' dir='ltr' id='par_1_5' title="bbox 239 2421 1569 4280">
     <span class='ocr_line' id='line_1_21' title="bbox 287 2421 1530 2540; baseline -0.005 -26"><span class='ocrx_word' id='word_1_144' title='bbox 287 2433 373 2524; x_wconf 84' lang='lat' dir='ltr'>aliis</span> <span class='ocrx_word' id='word_1_145' title='bbox 388 2425 555 2534; x_wconf 87' lang='lat' dir='ltr'>ejusdem</span> <span class='ocrx_word' id='word_1_146' title='bbox 573 2425 704 2540; x_wconf 87' lang='lat' dir='ltr'>speciei</span> <span class='ocrx_word' id='word_1_147' title='bbox 733 2423 960 2535; x_wconf 81' lang='lat' dir='ltr'>perniciosos</span> <span class='ocrx_word' id='word_1_148' title='bbox 972 2424 1125 2533; x_wconf 85' lang='lat' dir='ltr'>(quales</span> <span class='ocrx_word' id='word_1_149' title='bbox 1139 2421 1222 2508; x_wconf 88' lang='lat' dir='ltr'>sunt</span> <span class='ocrx_word' id='word_1_150' title='bbox 1243 2429 1530 2526; x_wconf 83' lang='lat' dir='ltr'>malevolentia,</span> 
     </span>
     <span class='ocr_line' id='line_1_22' title="bbox 288 2533 1533 2642; baseline -0.005 -16"><span class='ocrx_word' id='word_1_151' title='bbox 288 2539 452 2641; x_wconf 85' lang='lat' dir='ltr'>invidia,</span> <span class='ocrx_word' id='word_1_152' title='bbox 478 2537 787 2622; x_wconf 86' lang='lat' dir='ltr'>vehementiores</span> <span class='ocrx_word' id='word_1_153' title='bbox 802 2533 1009 2641; x_wconf 78' lang='lat' dir='ltr'>itae,&amp;c.)</span> <span class='ocrx_word' id='word_1_154' title='bbox 1031 2535 1244 2642; x_wconf 75' lang='lat' dir='ltr'>spelientur</span> <span class='ocrx_word' id='word_1_155' title='bbox 1267 2540 1374 2623; x_wconf 88' lang='lat' dir='ltr'>velut</span> <span class='ocrx_word' id='word_1_156' title='bbox 1396 2543 1533 2624; x_wconf 88' lang='lat' dir='ltr'>intem·</span> 
     </span>
     <span class='ocr_line' id='line_1_23' title="bbox 291 2638 1533 2761; baseline -0.005 -27"><span class='ocrx_word' id='word_1_157' title='bbox 291 2656 419 2761; x_wconf 80' lang='lat' dir='ltr'>peries</span> <span class='ocrx_word' id='word_1_158' title='bbox 442 2651 615 2759; x_wconf 73' lang='lat' dir='ltr'>quadam</span> <span class='ocrx_word' id='word_1_159' title='bbox 635 2638 850 2755; x_wconf 63' lang='lat' dir='ltr'>¹sanguinis⁹</span> <span class='ocrx_word' id='word_1_160' title='bbox 876 2643 1317 2755; x_wconf 73' lang='lat' dir='ltr'>Cerebriquelortalle,</span> <span class='ocrx_word' id='word_1_161' title='bbox 1344 2653 1386 2733; x_wconf 75' lang='lat' dir='ltr'>dc</span> <span class='ocrx_word' id='word_1_162' title='bbox 1418 2648 1533 2735; x_wconf 90' lang='lat' dir='ltr'>rabidi</span> 
     </span>
     <span class='ocr_line' id='line_1_24' title="bbox 291 2755 1534 2866; baseline -0.001 -26"><span class='ocrx_word' id='word_1_163' title='bbox 291 2759 408 2858; x_wconf 78' lang='lat' dir='ltr'>Canis</span> <span class='ocrx_word' id='word_1_164' title='bbox 431 2759 592 2842; x_wconf 76' lang='lat' dir='ltr'>vesania</span> <span class='ocrx_word' id='word_1_165' title='bbox 606 2758 744 2866; x_wconf 89' lang='lat' dir='ltr'>aliquo</span> <span class='ocrx_word' id='word_1_166' title='bbox 768 2755 888 2864; x_wconf 80' lang='lat' dir='ltr'>gradu</span> <span class='ocrx_word' id='word_1_167' title='bbox 917 2755 1085 2863; x_wconf 86' lang='lat' dir='ltr'>cognati.</span> <span class='ocrx_word' id='word_1_168' title='bbox 1127 2756 1330 2842; x_wconf 83' lang='lat' dir='ltr'>Manifesta</span> <span class='ocrx_word' id='word_1_169' title='bbox 1351 2757 1534 2844; x_wconf 78' lang='lat' dir='ltr'>suntiniia</span> 
     </span>
     <span class='ocr_line' id='line_1_25' title="bbox 291 2864 1535 2977; baseline -0.002 -25"><span class='ocrx_word' id='word_1_170' title='bbox 291 2864 786 2977; x_wconf 80' lang='lat' dir='ltr'>morborumsymptomata</span> <span class='ocrx_word' id='word_1_171' title='bbox 806 2865 1347 2977; x_wconf 71' lang='lat' dir='ltr'>exundatio&#39;Bilis,·Sangninis</span> <span class='ocrx_word' id='word_1_172' title='bbox 1371 2869 1535 2954; x_wconf 81' lang='lat' dir='ltr'>efferve-</span> 
     </span>
     <span class='ocr_line' id='line_1_26' title="bbox 293 2975 1569 3088; baseline -0.002 -21"><span class='ocrx_word' id='word_1_173' title='bbox 293 2979 435 3067; x_wconf 85' lang='lat' dir='ltr'>scentia</span> <span class='ocrx_word' id='word_1_174' title='bbox 450 2975 677 3087; x_wconf 80' lang='lat' dir='ltr'>periculosa,</span> <span class='ocrx_word' id='word_1_175' title='bbox 687 2977 793 3059; x_wconf 79' lang='lat' dir='ltr'>liv-ot</span> <span class='ocrx_word' id='word_1_176' title='bbox 802 2979 989 3076; x_wconf 57' lang='lat' dir='ltr'>letericus,</span> <span class='ocrx_word' id='word_1_177' title='bbox 1007 2998 1191 3060; x_wconf 85' lang='lat' dir='ltr'>tremores</span> <span class='ocrx_word' id='word_1_178' title='bbox 1204 2981 1409 3088; x_wconf 88' lang='lat' dir='ltr'>paralytici</span> <span class='ocrx_word' id='word_1_179' title='bbox 1424 2981 1535 3087; x_wconf 64' lang='lat' dir='ltr'>alidqt</span> <span class='ocrx_word' id='word_1_180' title='bbox 1566 3073 1569 3079; x_wconf 59' lang='grc'><em>,</em></span> 
     </span>
     <span class='ocr_line' id='line_1_27' title="bbox 298 3085 1536 3201; baseline -0.005 -29"><span class='ocrx_word' id='word_1_181' title='bbox 298 3087 460 3174; x_wconf 79' lang='lat' dir='ltr'>Medicis</span> <span class='ocrx_word' id='word_1_182' title='bbox 484 3085 573 3171; x_wconf 81' lang='lat' dir='ltr'>satls</span> <span class='ocrx_word' id='word_1_183' title='bbox 596 3109 701 3171; x_wconf 86' lang='lat' dir='ltr'>nota.</span> <span class='ocrx_word' id='word_1_184' title='bbox 757 3088 846 3170; x_wconf 86' lang='lat' dir='ltr'>Nec</span> <span class='ocrx_word' id='word_1_185' title='bbox 859 3093 956 3172; x_wconf 90' lang='lat' dir='ltr'>itata</span> <span class='ocrx_word' id='word_1_186' title='bbox 969 3085 1118 3172; x_wconf 73' lang='lat' dir='ltr'>tantiam</span> <span class='ocrx_word' id='word_1_187' title='bbox 1133 3089 1257 3171; x_wconf 89' lang='lat' dir='ltr'>rabies</span> <span class='ocrx_word' id='word_1_188' title='bbox 1269 3095 1308 3173; x_wconf 92' lang='lat' dir='ltr'>in</span> <span class='ocrx_word' id='word_1_189' title='bbox 1322 3113 1536 3201; x_wconf 87' lang='lat' dir='ltr'>congeneta</span> 
     </span>
     <span class='ocr_line' id='line_1_28' title="bbox 292 3193 1564 3308; baseline -0.007 -24"><span class='ocrx_word' id='word_1_190' title='bbox 292 3196 445 3284; x_wconf 70' lang='lat' dir='ltr'>latiens</span> <span class='ocrx_word' id='word_1_191' title='bbox 456 3199 631 3282; x_wconf 86' lang='lat' dir='ltr'>animalia</span> <span class='ocrx_word' id='word_1_192' title='bbox 645 3198 701 3282; x_wconf 85' lang='lat' dir='ltr'>est</span> <span class='ocrx_word' id='word_1_193' title='bbox 714 3193 870 3281; x_wconf 70' lang='lat' dir='ltr'>affedut</span> <span class='ocrx_word' id='word_1_194' title='bbox 886 3194 1108 3294; x_wconf 79' lang='lat' dir='ltr'>morbolira3</span> <span class='ocrx_word' id='word_1_195' title='bbox 1136 3197 1272 3283; x_wconf 83' lang='lat' dir='ltr'>veriam</span> <span class='ocrx_word' id='word_1_196' title='bbox 1289 3199 1399 3282; x_wconf 89' lang='lat' dir='ltr'>etiam</span> <span class='ocrx_word' id='word_1_197' title='bbox 1418 3223 1536 3284; x_wconf 80' lang='lat' dir='ltr'>metus</span> <span class='ocrx_word' id='word_1_198' title='bbox 1561 3299 1564 3308; x_wconf 18' lang='grc' dir='ltr'><strong>Δ</strong></span> 
     </span>
     <span class='ocr_line' id='line_1_29' title="bbox 294 3307 1534 3424; baseline -0.003 -32"><span class='ocrx_word' id='word_1_199' title='bbox 294 3333 430 3392; x_wconf 83' lang='lat' dir='ltr'>eorum</span> <span class='ocrx_word' id='word_1_200' title='bbox 452 3307 680 3392; x_wconf 82' lang='lat' dir='ltr'>nimiusnnn</span> <span class='ocrx_word' id='word_1_201' title='bbox 703 3307 894 3392; x_wconf 79' lang='lat' dir='ltr'>miubaest</span> <span class='ocrx_word' id='word_1_202' title='bbox 923 3310 1261 3420; x_wconf 73' lang='lat' dir='ltr'>praeternaturalia,</span> <span class='ocrx_word' id='word_1_203' title='bbox 1283 3309 1320 3391; x_wconf 93' lang='lat' dir='ltr'>id</span> <span class='ocrx_word' id='word_1_204' title='bbox 1335 3309 1534 3424; x_wconf 81' lang='lat' dir='ltr'>estpraeter</span> 
     </span>
     <span class='ocr_line' id='line_1_30' title="bbox 294 3417 1535 3531; baseline 0.001 -31"><span class='ocrx_word' id='word_1_205' title='bbox 294 3419 511 3504; x_wconf 84' lang='lat' dir='ltr'>animalium</span> <span class='ocrx_word' id='word_1_206' title='bbox 523 3422 698 3501; x_wconf 85' lang='lat' dir='ltr'>omniurn</span> <span class='ocrx_word' id='word_1_207' title='bbox 710 3418 908 3520; x_wconf 72' lang='lat' dir='ltr'>motem,e</span> <span class='ocrx_word' id='word_1_208' title='bbox 924 3421 1089 3502; x_wconf 82' lang='lat' dir='ltr'>naturali</span> <span class='ocrx_word' id='word_1_209' title='bbox 1117 3417 1535 3531; x_wconf 67' lang='lat' dir='ltr'>saniqueeorumtent·</span> 
     </span>
     <span class='ocr_line' id='line_1_31' title="bbox 294 3527 1534 3636; baseline 0.002 -26"><span class='ocrx_word' id='word_1_210' title='bbox 294 3527 642 3636; x_wconf 80' lang='lat' dir='ltr'>petieoriundum=3</span> <span class='ocrx_word' id='word_1_211' title='bbox 659 3533 718 3627; x_wconf 77' lang='lat' dir='ltr'>bt,</span> <span class='ocrx_word' id='word_1_212' title='bbox 742 3527 968 3612; x_wconf 87' lang='lat' dir='ltr'>morborum</span> <span class='ocrx_word' id='word_1_213' title='bbox 983 3531 1116 3630; x_wconf 77' lang='lat' dir='ltr'>instar,</span> <span class='ocrx_word' id='word_1_214' title='bbox 1130 3557 1263 3614; x_wconf 90' lang='lat' dir='ltr'>eorum</span> <span class='ocrx_word' id='word_1_215' title='bbox 1276 3533 1534 3618; x_wconf 78' lang='lat' dir='ltr'>conservatio,-</span> 
     </span>
     <span class='ocr_line' id='line_1_32' title="bbox 294 3634 1532 3753; baseline 0.002 -35"><span class='ocrx_word' id='word_1_216' title='bbox 294 3639 336 3718; x_wconf 87' lang='lat' dir='ltr'>ni</span> <span class='ocrx_word' id='word_1_217' title='bbox 355 3634 593 3738; x_wconf 84' lang='lat' dir='ltr'>adversatur,</span> <span class='ocrx_word' id='word_1_218' title='bbox 601 3665 651 3720; x_wconf 87' lang='lat' dir='ltr'>ea</span> <span class='ocrx_word' id='word_1_219' title='bbox 677 3637 725 3720; x_wconf 92' lang='lat' dir='ltr'>ad</span> <span class='ocrx_word' id='word_1_220' title='bbox 741 3637 950 3739; x_wconf 78' lang='lat' dir='ltr'>tristitiam,</span> <span class='ocrx_word' id='word_1_221' title='bbox 965 3636 1226 3740; x_wconf 83' lang='lat' dir='ltr'>solitudinem,</span> <span class='ocrx_word' id='word_1_222' title='bbox 1250 3669 1296 3721; x_wconf 91' lang='lat' dir='ltr'>ac</span> <span class='ocrx_word' id='word_1_223' title='bbox 1316 3645 1466 3753; x_wconf 82' lang='lat' dir='ltr'>vigilias</span> <span class='ocrx_word' id='word_1_224' title='bbox 1480 3646 1532 3723; x_wconf 81' lang='lat' dir='ltr'>in·</span> 
     </span>
     <span class='ocr_line' id='line_1_33' title="bbox 282 3746 1535 3866; baseline -0.002 -37"><span class='ocrx_word' id='word_1_225' title='bbox 282 3747 556 3853; x_wconf 82' lang='lat' dir='ltr'>·tempestivaa,</span> <span class='ocrx_word' id='word_1_226' title='bbox 581 3746 1007 3856; x_wconf 74' lang='lat' dir='ltr'>catterlq3dominantis</span> <span class='ocrx_word' id='word_1_227' title='bbox 1028 3750 1290 3832; x_wconf 85' lang='lat' dir='ltr'>melancholiae</span> <span class='ocrx_word' id='word_1_228' title='bbox 1306 3753 1535 3866; x_wconf 90' lang='lat' dir='ltr'>symptoma-</span> 
     </span>
     <span class='ocr_line' id='line_1_34' title="bbox 285 3855 1536 3969; baseline -0.002 -31"><span class='ocrx_word' id='word_1_229' title='bbox 285 3855 575 3964; x_wconf 62' lang='lat' dir='ltr'>¹taradigendoa</span> <span class='ocrx_word' id='word_1_230' title='bbox 603 3858 709 3941; x_wconf 85' lang='lat' dir='ltr'>uude</span> <span class='ocrx_word' id='word_1_231' title='bbox 719 3885 823 3942; x_wconf 87' lang='lat' dir='ltr'>mors</span> <span class='ocrx_word' id='word_1_232' title='bbox 835 3881 1060 3969; x_wconf 80' lang='lat' dir='ltr'>ptaematuta</span> <span class='ocrx_word' id='word_1_233' title='bbox 1070 3860 1336 3948; x_wconf 67' lang='lat' dir='ltr'>acceleratum</span> <span class='ocrx_word' id='word_1_234' title='bbox 1362 3893 1434 3948; x_wconf 91' lang='lat' dir='ltr'>nec</span> <span class='ocrx_word' id='word_1_235' title='bbox 1446 3859 1536 3945; x_wconf 86' lang='lat' dir='ltr'>ullus</span> 
     </span>
     <span class='ocr_line' id='line_1_35' title="bbox 297 3965 1537 4076; baseline -0.002 -26"><span class='ocrx_word' id='word_1_236' title='bbox 297 3965 385 4050; x_wconf 88' lang='lat' dir='ltr'>huic</span> <span class='ocrx_word' id='word_1_237' title='bbox 401 3965 517 4050; x_wconf 89' lang='lat' dir='ltr'>metui</span> <span class='ocrx_word' id='word_1_238' title='bbox 537 3965 614 4048; x_wconf 78' lang='lat' dir='ltr'>elle</span> <span class='ocrx_word' id='word_1_239' title='bbox 636 3965 763 4075; x_wconf 88' lang='lat' dir='ltr'>potest</span> <span class='ocrx_word' id='word_1_240' title='bbox 772 3970 913 4052; x_wconf 86' lang='lat' dir='ltr'>modus</span> <span class='ocrx_word' id='word_1_241' title='bbox 924 3993 989 4050; x_wconf 90' lang='lat' dir='ltr'>aut</span> <span class='ocrx_word' id='word_1_242' title='bbox 1002 3966 1193 4076; x_wconf 63' lang='lat' dir='ltr'>buin-qui</span> <span class='ocrx_word' id='word_1_243' title='bbox 1209 3967 1388 4054; x_wconf 82' lang='lat' dir='ltr'>fundatur</span> <span class='ocrx_word' id='word_1_244' title='bbox 1396 3971 1438 4053; x_wconf 91' lang='lat' dir='ltr'>in</span> <span class='ocrx_word' id='word_1_245' title='bbox 1451 3967 1537 4056; x_wconf 84' lang='lat' dir='ltr'>falsa</span> 
     </span>
     <span class='ocr_line' id='line_1_36' title="bbox 239 4063 1534 4273; baseline 0 -114"><span class='ocrx_word' id='word_1_246' title='bbox 239 4077 242 4082; x_wconf 77' lang='grc'><strong>’</strong></span> <span class='ocrx_word' id='word_1_247' title='bbox 298 4079 573 4190; x_wconf 83' lang='lat' dir='ltr'>imaginatione</span> <span class='ocrx_word' id='word_1_248' title='bbox 595 4083 636 4165; x_wconf 75' lang='lat' dir='ltr'>bc</span> <span class='ocrx_word' id='word_1_249' title='bbox 658 4075 861 4188; x_wconf 77' lang='lat' dir='ltr'>opnione,</span> <span class='ocrx_word' id='word_1_250' title='bbox 889 4077 998 4192; x_wconf 84' lang='lat' dir='ltr'>qubd</span> <span class='ocrx_word' id='word_1_251' title='bbox 1019 4063 1245 4164; x_wconf 69' lang='lat' dir='ltr'>naturaliter</span> <span class='ocrx_word' id='word_1_252' title='bbox 1266 4089 1308 4170; x_wconf 78' lang='lat' dir='ltr'>dt</span> <span class='ocrx_word' id='word_1_253' title='bbox 1329 4079 1534 4273; x_wconf 55' lang='lat' dir='ltr'>netellagid</span> 
     </span>
     <span class='ocr_line' id='line_1_37' title="bbox 1368 4215 1535 4280; baseline -0.072 0"><span class='ocrx_word' id='word_1_254' title='bbox 1368 4219 1469 4280; x_wconf 88' lang='lat' dir='ltr'>umor</span> <span class='ocrx_word' id='word_1_255' title='bbox 1497 4215 1535 4270; x_wconf 88' lang='lat' dir='ltr'>us</span> 
     </span>
    </p>
   </div>
   <div class='ocr_carea' id='block_1_6' title="bbox 0 0 1721 4578">
    <p class='ocr_par' dir='ltr' id='par_1_6' title="bbox 0 0 1721 4578">
     <span class='ocr_line' id='line_1_38' title="bbox 0 0 1721 4578; baseline 0 0"><span class='ocrx_word' id='word_1_256' title='bbox 0 0 1721 4578; x_wconf 95' lang='lat' dir='ltr'> </span> 
     </span>
    </p>
   </div>
  </div>
 </body>
</html>
