3400 4566
60 199 68 214 ’
241 191 362 295 :27⁴2
507 154 901 296 BangeNatutae
928 145 1424 295 rjisqneub'lignt'iontss'

42 341 47 351 '
268 336 409 451 pariter
431 335 623 442 cogitetur
643 334 865 444 periculosa.
910 333 1157 442 Citmitaque
1171 341 1340 420 omnium
1365 337 1515 422 interiit:

268 471 314 532 nt
344 443 415 553 qui
443 445 660 534 Commune
684 441 837 527 bonurn.
852 445 998 552 Legum
1035 442 1276 526 Naturalium
1301 447 1512 532 violatione

269 576 518 668 oppugnant,¹
541 553 778 678 puniantutr
806 578 926 680 atquo
946 550 1096 659 insuper
1119 551 1270 679 Natura
1292 553 1517 682 horninibus·

165 785 171 796 ·
255 660 1409 858 .finti‘uitiumintinniit&adigit
1435 667 1511 857 {ii

268 793 423 968 {inbutis
442 802 564 992 iluaei
586 799 733 964 caetetigs
753 799 978 964 arimannis
1000 799 1315 982 uonsentiuntugr,
1337 883 1386 966 ad
1407 913 1512 968 coru·

257 1019 403 1075 munes
418 991 487 1075 hos
500 988 626 1074 hostes
635 989 867 1075 coercendos
887 989 1023 1070 acriter
1046 991 1402 1091 omnesextimuiet,
1426 1021 1510 1102 gra·

260 1099 426 1185 *viffimae
446 1099 532 1184 sunt
562 1127 695 1210 poenas
726 1099 921 1183 metuendi
933 1093 1061 1196 cansae,
1086 1102 1128 1182 &
1151 1099 1294 1210 exigua
1314 1101 1432 1186 restat
1451 1129 1511 1186 eas

125 1289 127 1294 .
275 1209 467 1295 evadendi
491 1206 586 1316 spes.

332 1323 369 1418 i.
386 1319 474 1400 XL.
502 1314 646 1400 verum
666 1317 780 1401 taedet
806 1338 885 1398 tant
906 1315 1026 1424 longae
1050 1313 1280 1399 traiiationir
1301 1316 1350 1403 de
1369 1319 1515 1406 indiciis

277 1428 541 1536 obligationis
565 1427 586 1510 ὲ
615 1453 743 1535 poena,
767 1447 834 1510 aut
857 1425 940 1530 ejus
961 1426 1133 1534 periculo
1156 1423 1389 1535 desumpta:
1420 1457 1513 1538 prae·

278 1537 404 1622 sertim
431 1535 616 1644 quoniam
641 1533 742 1619 bona
769 1535 834 1616 illa
856 1533 918 1616 seu
934 1539 1084 1644 ptaemia
1107 1560 1191 1644 quae
1206 1563 1292 1618 curn
1305 1537 1512 1623 foelicitatis

278 1643 502 1730 Communis
516 1643 640 1728 studio
664 1644 948 1753 conjunguntur
962 1640 1061 1747 (etti
1078 1643 1177 1727 illai
1200 1646 1392 1756 plerisque
1413 1650 1514 1732 inter

278 1755 392 1864 Legis
406 1753 656 1853 charaueres,
668 1758 710 1838 8<
724 1751 983 1862 Obligationis
995 1751 1139 1837 indicia
1150 1781 1229 1836 nou
1248 1757 1517 1866 numerentur)

280 1863 375 1947 mihi
397 1887 526 1948 tamen
540 1862 721 1948 videntur
733 1863 897 1946 clariora
921 1867 962 1946 8(
976 1862 1108 1972 priora
1129 1863 1284 1946 Divina
1297 1865 1519 1950 Voluntaria

284 1973 438 2076 indicia,
452 1974 569 2086 qnam
585 1997 704 2083 poenae
721 1969 920 2084 oppofiros
941 1968 1031 2054 huic
1042 1969 1168 2054 studio
1188 1973 1290 2056 ailus
1313 1973 1535 2074 cettiffiruo'

282 2086 594 2192 consequenters
622 2081 902 2190 eaquenunca
927 2077 1039 2162 nobit
1052 2086 1213 2166 veniunt
1233 2081 1517 2172 confiderauda.

123 2211 130 2220 '
281 2193 540 2300 Suppouimus
558 2211 689 2272 autem
704 2191 785 2299 hic,
806 2188 871 2275 uti
884 2187 1003 2300 prius,
1024 2215 1329 2276 nexumomneru
1350 2191 1521 2280 seucon·

35 2325 41 2332 ·
200 2349 202 2356 ·
282 2299 566 2385 catenatiouem
587 2297 686 2382 inter
697 2299 968 2384 antecedentia
982 2303 1024 2383 8<
1037 2298 1148 2388 conse
1178 2301 1308 2384 uentia
1330 2302 1371 2387 in
1395 2333 1521 2392 rerum
1676 2384 1681 2404 ,

284 2433 419 2493 natura
441 2411 464 2496 a
489 2415 618 2518 primae
644 2408 776 2492 Causae
792 2412 1001 2511 voluntate
1018 2329 1233 2520 proficiiciz
1264 2414 1520 2526 eademquip·
1679 2413 1681 2504 Ϊ

283 2549 336 2634 pe
349 2518 448 2604 ratio
459 2543 542 2631 quae
558 2546 619 2602 res
632 2515 759 2628 ipnsa
773 2525 893 2628 prima
914 2517 1037 2602 Causa
1049 2519 1165 2606 factas
1187 2517 1263 2602 effe
1280 2522 1438 2633 probat,
1457 2553 1521 2610 or·
1680 2553 1681 2604 ;

285 2629 415 2715 dinem
431 2656 585 2712 omnem
597 2626 661 2709 seu
672 2653 811 2714 nexum
827 2630 928 2712 inter
942 2627 1090 2712 easdem
1102 2630 1521 2742 naturalemaboadem
1679 2677 1681 2740 ς

286 2739 494 2850 provenire
518 2736 774 2823 demonstran
814 2739 869 2822 Ea
893 2762 1058 2848 propter
1078 2740 1193 2823 etiam
1229 2737 1282 2822 ibi
1304 2741 1523 2853 disquirimt
1571 2794 1574 2798 ·

286 2873 336 2927 an
360 2843 481 2970 prima
511 2843 639 2928 Causa
669 2839 852 2930 ornandum
871 2847 1023 2934 ,dietatis
1048 2851 1237 2961 praiiic'u,
1265 2850 1331 2934 seu
1359 2834 1524 2963 Legibru
1611 2929 1613 2934 .

287 2953 536 3038 Naturaltbus
565 2977 698 3064 regere
734 2957 902 3042 voluerit
937 2987 1076 3066 necne,
1096 2957 1159 3042 hic
1184 2981 1313 3044 tamen
1334 2981 1525 3076 tanquam

288 3061 512 3150 conceffum
537 3064 630 3148 sumi
645 3064 788 3176 potest,
801 3067 1254 3179 consequentiaauuum
1274 3071 1525 3159 humanorum
1679 3105 1681 3126 ¹

288 3195 368 3258 tam
379 3172 480 3260 bona
493 3174 613 3283 quarn
631 3174 730 3262 mala
749 3178 893 3284 exejus
909 3181 1122 3263 voluntate
1137 3174 1231 3262 eoas
1278 3181 1320 3265 ui
1332 3185 1492 3294 semper.

345 3283 446 3392 Dno
470 3308 598 3370 autem
623 3281 689 3368 hic
729 3285 832 3368 aucit
845 3285 1083 3394 expedienda
1103 3289 1202 3374 sunt.
1227 3207 1276 3398 (ἓ

291 3415 446 3481 mutent
466 3393 620 3476 Natura
643 3313 781 3476 ortiine
805 3397 1040 3504 experientii
1059 3418 1171 3500 noto,
1194 3395 1297 3484 bona
1321 3406 1413 3486 rates
1426 3407 1531 3492 astus

291 3501 420 3611 sequi,
442 3501 484 3582 8<
515 3499 669 3610 quidem
695 3525 815 3603 tanta,
838 3528 982 3612 quauta
1015 3531 1066 3590 ex
1094 3505 1282 3618 oppositis
1307 3513 1415 3598 vitiis
1438 3542 1530 3600 cum

292 3607 467 3695 Ratione
501 3607 650 3718 sperare
676 3639 755 3696 nou
787 3613 993 3722 possumus.
1045 3617 1124 3726 (a)
1151 3619 1302 3704 Horum
1334 3621 1531 3714 bonorum

293 3719 604 3804 consecutionem
627 3719 809 3808 indicium
829 3723 908 3808 effe
919 3725 1107 3810 Naturale
1118 3726 1299 3816 sufficiens
1315 3735 1533 3822 Voluntatis

294 3825 450 3910 Diviuae
482 3831 575 3914 tales
598 3829 707 3956 aurs,
726 3834 962 3942 imperantis.
1001 3835 1091 3920 Nec
1110 3865 1210 3962 opus
1229 3841 1302 3924 erit
1316 3845 1442 3927 ⁴multa
1461 3845 1533 3933 hic

292 3961 465 4134 tutti?
466 3941 1534 4172 '3213:¹¹²2‘ttpsszttipittitnsst§tritanu

1360 4173 1542 4266 luminis

1278 3290 1322 3401 r)
1336 3294 1531 3380 Ostende·
1680 3257 1681 3302 ³
