3418 4568
698 175 1032 312 prolegomena,

262 352 331 437 lere
341 345 448 462 poffie,
460 371 501 434 ut
513 349 698 463 studeant
709 356 796 438 utile
801 354 899 462 fine,
909 363 981 436 tuti
1008 343 1189 463 omrlmque
1201 351 1403 438 uberiorem
1415 389 1506 473 que·

258 493 336 547 rere
353 467 599 573 probationem
611 494 661 546 ex
681 463 918 571 indagatione
938 459 1304 571 caufhrum,quarum
1315 476 1359 546 roi
1371 479 1503 577 Legum

262 575 498 656 Naturalium
513 581 647 658 notitia
670 575 849 658 mensibu
863 573 1028 657 humanu
1044 583 1277 676 ingeneretur.
1335 587 1413 660 Hoc
1439 612 1515 662 au·-

259 705 332 766 tem
358 685 572 768 luculentius
579 686 716 792 patebit
714 679 756 800 fi
777 685 865 766 illas
876 683 1095 790 flammatim
1111 705 1366 789 proponamus,
1382 685 1506 774 &702

249 793 474 905 sponfionrsm
495 791 787 904 pariterfiemmo
810 803 930 902 capito
943 795 1102 874 breviter
1128 792 1343 873 indicemus.

278 965 282 974 .
312 895 492 1014 θ’ὂῘὶεὶτιιν
509 919 628 1016 itaque
645 899 779 1012 primo'.
821 897 1500 1012 Invalidumesselujusmodilndusili·

258 1043 361 1098 onem
385 1011 486 1125 quil
512 1015 634 1096 verbis
658 1009 861 1128 morillfioe
876 1039 1074 1122 paucorum
1097 1007 1282 1090 hominum
1305 1035 1369 1095 aut
1396 1030 1498 1100 Civi-

255 1143 373 1208 totum
393 1126 564 1231 conclusto
584 1123 775 1230 deducitur
804 1124 848 1205 de
866 1122 1052 1231 sententia
1063 1117 1132 1228 seu
1152 1119 1302 1226 judicio
1324 1138 1495 1214 omnium.

258 1231 565 1344 Quandoquidem
578 1246 650 1316 vix
671 1231 915 1344 quisquomest
937 1231 1121 1312 hominum
1132 1243 1194 1341 qui
1206 1235 1385 1316 volumius
1405 1253 1498 1348 Reg-

256 1355 299 1426 ni
321 1359 431 1450 Leges
450 1343 640 1456 Morllqtse
662 1371 783 1426 omnes
801 1337 956 1452 perfodi
986 1343 1128 1438 calleat,
1152 1339 1498 1456 nmltltminoisfiire

250 1464 385 1562 poterit
408 1465 569 1536 omnium
596 1463 800 1536 civitatum
810 1467 930 1560 Leges,
943 1445 1301 1642 nedumfngulorum
1314 1451 1498 1539 lominum

247 1563 359 1672 senfin
379 1573 575 1672 interiora,
587 1585 628 1646 ut
653 1573 704 1646 iis
715 1561 858 1668 interse
875 1563 1016 1642 collatis
1029 1593 1069 1642 oo
1085 1564 1195 1665 ligere
1208 1559 1311 1669 poffit
1336 1595 1495 1676 quonam

243 1671 319 1791 ssnt
338 1682 380 1754 in
404 1675 532 1782 quibus
556 1681 781 1757 omuesiuter
791 1667 1082 1782 seconsentiunt.
1602 1766 1605 1777 Ι

308 1781 552 1891 Respondetnr
573 1803 705 1884 autem,
719 1783 872 1893 Judicio
899 1779 1131 1888 diversorum
1154 1791 1327 1864 Gentium
1349 1783 1395 1868 de
1415 1817 1492 1871 ma·

223 1895 348 1998 Aleria
368 1890 534 2002 quartalli
565 1895 673 1976 obvia
695 1894 722 2002 ζ
722 1896 840 2006 qualis
877 1889 1089 2004 ejllieligio
1118 1891 1189 1999 seu
1219 1895 1333 1974 cultus
1356 1900 1491 2008 aliquis

253 2007 438 2102 Numinis',
457 2005 712 2112 universaliter
725 1997 969 2115 sumptum&
996 1999 1197 2086 humaniter
1211 2006 1393 2114 aliqualis,
1415 2035 1489 2135 aue

242 2109 411 2222 fiofficiat
422 2111 699 2221 adprolm'bendo
712 2112 1037 2218 homicidio,fisrto
1048 2109 1098 2198 ὠ
1110 2111 1491 2232 adulteria)fhciless’·

252 2221 571 2304 uereconditailla
592 2231 728 2330 peritia
741 2235 781 2302 in
803 2222 958 2330 Legilm
982 2218 1004 2298 ir
1026 2232 1155 2328 quovis
1177 2227 1300 2304 ubivis
1325 2223 1491 2331 obserom

139 2341 143 2352 '
253 2339 291 2410 ri
305 2341 492 2438 poterint3
520 2332 612 2414 tolio
636 2332 912 2438 outemjudicia
923 2323 1149 2436 fisfficienter
1170 2331 1340 2410 indicent
1365 2361 1489 2414 earum

252 2441 459 2549 csnsenfism
479 2452 519 2524 in
545 2442 696 2552 Legibus
720 2456 877 2524 Nature.
935 2434 1052 2544 Qod
1073 2448 1240 2519 artemia
1254 2443 1378 2520 multis
1390 2453 1487 2524 Gon·

251 2552 347 2630 tibus
374 2561 579 2658 experimur
595 2562 758 2660 agnitum
782 2548 958 2656 effevelut
982 2557 1119 2626 Bonum
1141 2550 1379 2649 naturaliter,
1394 2576 1487 2659 pre·

242 2661 389 2768 sumere
414 2665 498 2740 licet
522 2659 545 2744 lo
569 2670 705 2746 ceteris
748 2671 860 2744 ariter
883 2655 1025 2766 agnosci
1029 2681 1094 2766 pro
1116 2677 1170 2742 ter
1190 2673 1336 2742 Nature
1361 2655 1489 2745 hume·

251 2801 304 2850 roa
329 2767 600 2867 militudinem,
621 2686 817 2880 predium
839 2765 920 2850 crim
941 2763 1064 2845 Adver
1083 2781 1157 2852 arii
1168 2768 1280 2880 nostri
1290 2775 1489 2880 exemplum

248 2882 402 2980 uultum,
424 2879 520 2962 oertl
546 2877 769 3012 experientil
791 2887 995 2987 cognitum,
1021 2875 1153 2984 afferre
1167 2875 1417 2990 poffisntquod
1433 2886 1488 2964 ul·

249 2991 324 3072 lam
349 3003 501 3071 Gentem
515 2991 624 3097 secus
637 2991 779 3097 sentire
801 2999 985 3072 evincat(
1026 2987 1128 3072 Mili
1150 2983 1245 3098 sarni
1285 2987 1400 3072 dubie
1420 3014 1484 3074 aut

244 3095 370 3210 potir'ss
391 3095 853 3208 malefideividentureffe
879 3094 946 3178 illm
971 3111 1198 3196 narrationes
1211 3099 1256 3182 de
1271 3110 1399 3206 paucis
1416 3103 1486 3182 oli·

246 3230 333 3320 quot
349 3213 519 3306 *barbota
539 3210 784 3310 Amerieeuir,
805 3229 909 3319 atque
938 3205 983 3288 de
1006 3209 1213 3291 Souldanie
1234 3212 1377 3308 incolis,
1393 3208 1490 3320 quod

158 3397 160 3405 ,
246 3321 384 3404 nullum
403 3329 548 3402 numini
575 3331 693 3402 cuiuis
729 3321 864 3406 cultum
900 3315 1122 3404 exhiberent.
1198 3331 1291 3398 Nam
1311 3333 1484 3428 negativa

244 3429 427 3538 ejusmodi
449 3427 594 3534 offertio
612 3439 684 3512 or'x
709 3429 863 3544 unquam
888 3424 1086 3536 testimonio
1095 3429 1376 3540 prolatipotell.
1401 3433 1486 3512 Ide·

246 3539 332 3648 ique
346 3535 486 3624 temere*
510 3537 825 3652 videnturAcofla
846 3537 978 3648 aliique
991 3537 1034 3618 de
1060 3539 1118 3622 his
1127 3547 1377 3648 pronunciare,
1399 3571 1488 3650 quo·

245 3679 326 3730 rum
348 3647 569 3758 lingnam&
584 3680 698 3732 mores
720 3647 900 3758 animique
913 3657 1070 3754 cogitata
1085 3680 1156 3730 non
1175 3668 1369 3757 potuerunt
1393 3659 1486 3732 inti·

245 3756 301 3842 mi
315 3760 444 3842 callere
465 3779 544 3842 tam
552 3761 657 3844 brevi
674 3769 837 3872 temporit
844 3755 983 3868 spacio.
1048 3769 1213 3868 Legimus
1229 3769 1327 3840 enim
1340 3757 1486 3868 Judeos

234 3867 297 3955 ’ὠ
322 3867 544 3981 Christianos
566 3862 730 3982 quorum¹
746 3865 942 3978 distiplina
966 3887 1175 3953 ceterarum
1196 3879 1369 3949 Gentium
1397 3873 1484 3950 reli·

236 3977 515 4088 gionefienliior
535 4000 627 4078 erat,
649 3977 672 4058 le
697 3985 824 4064 multis
852 3997 972 4058 tamen
987 3975 1179 4091 aliquando
1194 3979 1484 4088 firmoraimpie·

243 4099 332 4180 totis
347 4085 740 4202 J'sols‘oeffe'aeoufirtos.
808 4093 1013 4202 visumque,
1038 4089 1266 4202 manifestum
1285 4086 1407 4198 esteas
1420 4117 1480 4170 ve·

722 4235 727 4244 ·
1346 4207 1480 4282 elisios
