3400 4566
299 180 392 294 300
520 139 584 235 De
613 121 727 266 Lege
744 59 1403 258 Naturaejtlsqueobligatinne.

299 343 341 424 dt
368 324 649 440 magnitudine,
679 348 763 434 quae
786 348 836 404 ex
860 311 1045 402 hiscaufis
1072 317 1150 414 iam
1174 337 1459 432 provenerunt,
1484 337 1549 404 aut

300 430 862 558 posthaecpollintprovenire3
891 425 1550 536 ptaeeipuevetdellnno'llnivet·

301 555 346 666 st,
373 553 437 638 seu
466 546 672 632 Communi
699 541 867 626 omnium
880 539 1149 623 Rationalium
1170 538 1279 650 quod
1302 539 1443 624 horum
1458 543 1553 626 viti·

304 669 376 752 bus
396 659 518 744 indies
539 656 803 758 conservatur,
828 671 892 735 aut
913 649 1025 734 etiam
1059 671 1324 758 promovetur.
1354 651 1422 732 vn
1451 655 1553 735 enim

306 773 452 890 quaevis
474 792 524 852 ex
544 769 716 854 omnium
734 756 1343 870 effeiiotumindeprolluentium
1368 786 1557 884 aggrega·
1690 779 1692 836 t

309 911 356 968 to
380 881 494 965 unice
507 874 713 962 mensurari
728 872 870 981 potest,
885 867 1065 981 adeoque
1078 867 1135 952 vis
1157 865 1410 958 beneficiendt
1425 871 1553 960 iesum·
1595 885 1598 894 ’

309 1021 372 1078 ma
384 991 560 1077 omnium
581 982 861 1070 beneficiorum
877 979 965 1064 inde
979 979 1237 1062 emanantium
1251 980 1469 1065 aestimanda
1483 982 1549 1066 est.

310 1107 363 1186 Et
393 1099 576 1186 naturalis
600 1095 701 1181 ordo
722 1093 913 1204 dignitatis
935 1089 1034 1172 inter
1062 1087 1199 1174 causasr
1222 1087 1413 1176 beneficas
1445 1096 1479 1176 is
1502 1093 1556 1180 est

313 1205 432 1324 quein
449 1209 594 1292 indicat
616 1200 791 1288 mensura
822 1200 1041 1309 hujusmodi
1071 1194 1351 1302 Beneficentiae,
1370 1225 1414 1284 ut
1437 1198 1558 1288 minio

313 1318 480 1406 benefici
503 1313 655 1400 effnfins
684 1311 865 1398 beneficis
894 1309 1110 1409 inferiores,
1133 1309 1206 1416 ‘seu
1239 1309 1479 1396 subordinati
1502 1341 1559 1396 re·

314 1433 449 1544 spediu
464 1429 576 1532 hujus
606 1423 784 1536 attributi
807 1423 1000 1529 dicantur,
1026 1441 1070 1532 ut
1102 1419 1140 1500 in
1164 1417 1257 1506 serie
1278 1423 1472 1506 crescente
1498 1421 1559 1505 seu
1664 1447 1667 1456 ’

317 1539 548 1628 ascendente
570 1535 737 1618 minoret
761 1535 907 1614 numeri
939 1528 1347 1614 dicuntur-inferiores.

311 1651 315 1662 '
378 1659 415 1748 n.
445 1647 590 1730 XLlX.
621 1643 682 1724 Ex
694 1644 892 1727 hiaautem
906 1635 1150 1722 manifestum
1163 1635 1220 1722 est
1233 1640 1337 1751 qudd
1355 1666 1484 1726 rerum
1498 1671 1563 1726 na·

319 1781 428 1858 turae,
443 1765 498 1844 ·&
513 1755 721 1843 intrinseca
742 1756 845 1836 vites
858 1749 998 1836 animas
1011 1747 1250 1834 nostrissatls
1262 1743 1442 1852 offerunt,
1460 1753 1565 1837 unde

322 1893 458 1966 eorum
468 1867 628 1978 judicia,
641 1864 708 1946 seu
718 1859 983 1946 aestimationes
997 1860 1047 1943 de
1068 1885 1196 1943 tetum
1210 1861 1401 1964 bonitate,
1414 1862 1566 1968 ordine,

323 2009 369 2063 ac
395 1979 584 2090 dignitate
612 1975 854 2080 dirigantutt
886 1971 923 2053 ld
955 1999 1005 2054 ue
1026 1969 1144 2055 none
1170 1969 1338 2086 respedlu
1361 1969 1567 2060 adnostnet

326 2089 478 2201 pusillos
503 2081 794 2182 homunciones,
818 2083 882 2166 sed
906 2001 954 2162 ad
982 2101 1109 2166 totum
1132 2105 1388 2212 aggregatum
1422 2086 1567 2166 entium

326 2199 587 2294 rationalium,
609 2191 671 2276 seu
697 2193 774 2275 inte
803 2219 881 2276 rant
894 2195 1091 2276 civitatem
1104 2215 1212 2298 cujus
1235 2191 1423 2304 caputell
1440 2195 1568 2282 Deutl

327 2337 550 2420 quanquam
561 2308 634 2391 suae
647 2221 810 2416 lottalllt
830 2301 1038 2386 soelieitatis
1047 2329 1139 2384 eura
1154 2299 1202 2382 ad
1225 2303 1509 2416 diligentiorem
1530 2305 1571 2386 in

328 2447 455 2528 terum
492 2423 666 2504 omniunt
692 2435 849 2496 naturas
874 2409 1174 2550 disquisitionem
1200 2415 1422 2524 quempiam
1447 2411 1572 2524 ptimo

330 2531 558 2614 deduxerit.
621 2527 737 2607 Patet
758 2521 871 2605 etiam
884 2517 1031 2632 quodsi
1049 2518 1150 2624 finis,
1163 2551 1277 2634 quem
1305 2523 1491 2627 diximum·
1507 2553 1573 2608 no·

332 2636 497 2724 bilillimi
519 2657 647 2748 partes
672 2636 771 2717 inter
795 2631 833 2715 se
847 2633 966 2716 libeat
993 2657 1232 2742 comparate,
1255 2655 1374 2746 atque
1398 2640 1574 2724 ordinem

333 2745 823 2856 interipsatcontemplati,
836 2739 1008 2852 superior
1021 2747 1097 2826 erit
1109 2739 1192 2825 finis
1206 2771 1289 2852 pars
1300 2771 1383 2856 quae
1396 2747 1576 2872 persedi-

333 2857 402 2942 oni
417 2858 604 2939 convenit
615 2853 826 2936 intrinsecae
851 2853 1017 2958 majori:
1046 2873 1088 2932 ut
1108 2849 1251 2936 summa
1265 2850 1309 2949 stt
1329 2857 1416 2958 Det
1438 2857 1579 2966 ginno,

334 2965 478 3050 deinde
500 2965 685 3078 sequatur
709 2961 907 3046 hominum
933 2961 1103 3070 plurium
1137 2962 1422 3076 meliorumque
1443 2966 1581 3052 foelici·

339 3101 411 3178 tas,
433 3085 476 3162 8<
504 3075 576 3180 hic
599 3071 643 3158 stt
666 3071 829 3160 iusetior
851 3067 1049 3178 cujussibet
1073 3075 1185 3156 unius
1209 3073 1423 3160 beatitudo.
1478 3077 1583 3160 lnter

339 3185 463 3270 media
482 3211 630 3314 antem²
653 3186 720 3270 seu
745 3183 993 3290 causashujus
1013 3177 1100 3264 finis
1126 3181 1586 3300 auteffediiunaquaeque

214 3373 217 3380 .
338 3299 528 3404 majorem
553 3294 817 3393 aestimationis,
856 3290 1007 3392 amoris,
1039 3318 1217 3406 curaque
1251 3292 1300 3404 (li
1322 3293 1586 3406 desideretur)

342 3429 491 3516 partem
515 3405 752 3505 vendicabit,
765 3431 852 3516 quae
876 3400 924 3484 ad
938 3400 1054 3486 finem
1068 3403 1174 3486 illurn
1192 3401 1274 3514 pllts
1289 3401 1459 3515 poterit:
1481 3407 1589 3490 unde

341 3517 502 3600 summus
530 3515 594 3602 hic
622 3515 716 3600 Deo
741 3514 895 3596 dabitur
935 3510 1055 3612 locus,
1091 3517 1288 3623 proximtm
1325 3515 1589 3626 plurimorum

343 3625 538 3712 hominurn
576 3651 621 3708 ac
653 3623 890 3734 optimorum
928 3623 1094 3725 auxiliis,
1120 3625 1311 3738 stttgulatis
1344 3647 1477 3710 autem
1499 3629 1591 3738 qui·

341 3736 440 3816 libet
468 3734 600 3844 (oded
629 3761 679 3817 ue
709 3736 739 3818 is
769 3734 839 3845 qui
865 3733 989 3816 secum
1018 3733 1067 3814 de
1104 3735 1175 3820 suis
1211 3736 1325 3818 rebus
1347 3735 1591 3844 deliberat)

346 3841 526 3929 inletiote
564 3875 585 3926 a
638 3875 687 3930 uc
724 3847 817 3930 loco
852 3862 1057 3928 contentus
1103 3847 1191 3948 etit,
1241 3843 1421 3930 streturn
1458 3843 1595 3932 Natu·

347 3981 395 4035 rae
419 3953 718 4058 auscultabunt.
771 3959 907 4068 Atque
930 3953 1008 4034 haec
1031 3953 1121 4040 sane
1144 3955 1240 4038 mibi
1263 3949 1443 4046 videntur
1467 3954 1596 4040 abun·

348 4065 398 4152 de
427 4061 598 4156 sufficere
619 4065 667 4151 ad
692 4065 941 4156 amoliendam
956 4093 1109 4152 omnem
1122 4064 1383 4176 suspicionem,
1397 4095 1446 4154 ue
1473 4064 1598 4265 {mde-

337 4205 343 4212 ·
665 4195 668 4202 “
1464 4199 1478 4258 t
1513 4207 1542 4261 o
1573 4206 1599 4260 o
